2302 3864
158 220 218 279 210
419 215 453 276 O.
474 213 677 275 SALLUSTI
698 212 837 275 CRISPI

159 376 295 439 omnibus
307 377 380 437 locis
393 397 441 436 me
453 396 563 455 vosque
575 375 738 436 maledictis
751 377 889 449 lacerent,
909 395 973 434 non
991 374 1103 455 placuit

158 460 291 531 reticere,
318 478 357 518 ne
385 458 451 536 quis
478 456 651 517 modestiam
677 457 710 516 in
735 457 945 516 conscientiam
975 456 1104 517 duceret.

160 539 239 599 Nam
260 559 307 599 me
329 538 445 617 quidem
467 558 503 597 ex
528 538 618 598 animi
645 539 703 597 mei
727 538 876 597 sententia
901 537 985 597 nulla
1011 537 1105 597 oratio

158 620 274 679 laedere
287 625 402 699 potest;
423 619 530 699 quippe
552 640 620 678 vera
639 639 759 679 necesse
780 625 827 678 est
849 618 926 678 bene
949 618 1105 697 praedicet,

159 700 262 761 fulsum
275 701 336 760 vita
349 719 501 780 moresque
515 700 572 760 mei
585 706 734 779 superant.
776 699 834 758 Sed
853 699 992 777 quoniam
1009 706 1107 758 vostra
1139 716 1145 722 ·

161 781 282 842 consilia
295 786 478 854 accusantur,
492 780 543 859 qui
556 781 627 840 mihi
640 801 786 840 summum
807 781 947 840 honorem
962 787 994 840 et
1007 800 1106 838 maxu-

162 883 242 922 mum
257 861 408 940 negotium
421 861 611 940 imposuistis,
632 861 722 922 etiam
743 867 831 939 atque
851 861 940 920 etiarn
960 867 1107 938 reputate,

163 963 235 1002 num
249 962 350 1002 eornm
364 942 579 1021 poenitundum
592 942 641 1001 sit.
682 942 754 1002 Non
774 962 895 1022 possum
914 941 985 1001 fidei
1005 961 1108 1001 caussa

161 1022 312 1101 imagines,
325 1043 422 1102 neque
435 1023 600 1103 triumphos
613 1027 667 1084 aut
680 1023 851 1082 consulatus
864 1022 1010 1102 majorum
1031 1041 1108 1081 meo·

162 1124 229 1162 rum
243 1109 403 1176 ostentare,
418 1109 457 1175 at,
472 1104 498 1163 si
517 1124 565 1163 res
579 1104 719 1183 postulet,
742 1104 850 1176 hastas,
870 1103 1020 1176 vexillum,
1039 1103 1106 1182 pho·

162 1185 247 1254 ieras,
271 1184 328 1244 alia
350 1184 487 1244 militaria
514 1183 599 1257 dona,
627 1191 780 1264 praeterea
806 1184 957 1244 cicatrices
985 1185 1107 1243 advorso

164 1284 293 1344 corpore.
335 1265 403 1324 Hae
417 1270 489 1324 sunt
511 1285 592 1324 meae
612 1265 763 1342 imagines,
785 1264 855 1324 haec
877 1264 1030 1338 nobilitas,
1050 1285 1108 1324 non

164 1345 328 1406 hereditate
341 1346 452 1418 relicta,
466 1352 502 1405 ut
514 1346 564 1405 illa
577 1345 644 1419 illis,
659 1346 711 1405 sed
732 1366 807 1424 quae
829 1352 945 1423 egomet
964 1346 1108 1425 plurumis

164 1426 313 1487 laboribus
340 1432 371 1486 et
398 1427 535 1506 periculis
562 1426 700 1505 quaesivi.
749 1427 821 1485 Non
848 1432 919 1486 sunt
946 1427 1109 1506 composito

165 1508 255 1568 verba
267 1528 348 1582 mea3
368 1529 471 1588 pamm
485 1507 516 1567 id
529 1507 623 1581 faci03
643 1507 752 1586 ipsane
766 1507 861 1566 virtus
874 1507 948 1566 satis
962 1508 1110 1578 ostendit;

165 1588 224 1648 illis
244 1589 367 1649 artificio
391 1609 466 1668 opus
487 1593 542 1662 est,
566 1594 601 1647 ut
623 1588 723 1669 turpia
740 1588 819 1647 facta
841 1589 977 1647 oratione
997 1593 1110 1666 tegant.
1134 1604 1139 1614 '

167 1669 274 1749 Neque
288 1670 403 1729 litteras
424 1671 552 1730 Graecas
575 1669 679 1741 didici;
700 1689 804 1749 parum
825 1669 960 1748 placebat
981 1689 1035 1728 eas
1056 1669 1111 1728 dis·

167 1770 241 1823 cere,
263 1751 371 1830 quippe
392 1771 466 1830 quae
490 1749 527 1810 ad
548 1750 688 1810 virtutem
711 1749 879 1809 doctoribus
900 1749 975 1808 nihil
991 1750 1111 1829 profue-

167 1836 247 1890 runt.
289 1831 404 1891 Atilia
426 1831 521 1891 multo
542 1843 664 1911 optuma
684 1831 727 1890 rei
748 1831 881 1909 publicae
903 1830 1011 1890 doctus
1040 1851 1111 1901 sum,

168 1911 283 1970 hostem
297 1911 393 1984 ferire,
407 1911 551 1990 praesidia
563 1912 684 1990 agitare,
698 1911 772 1970 nihil
785 1918 917 1971 metuere
926 1911 985 1970 nisi
994 1918 1112 1992 turpem

167 1990 283 2064 famam,
298 1992 422 2050 hiemem
435 1998 467 2050 et
480 1999 623 2051 aestatem
632 1992 720 2072 juxte
732 1991 803 2071 pati,
817 1992 900 2052 humi
919 1993 1111 2071 requiescere,

168 2072 271 2131 eodem
292 2077 424 2152 tempore
444 2072 570 2151 inopiam
593 2079 625 2131 et
645 2073 773 2133 laborem
795 2073 929 2132 tolerare.
977 2074 1040 2133 His
1060 2093 1112 2152 ego

147 2153 332 2231 praeceptis
354 2153 461 2212 milites
485 2153 632 2228 hortabor,
654 2174 750 2233 neque
770 2153 836 2213 illos
857 2160 921 2213 arte
943 2154 1049 2229 oolam,
1069 2174 1112 2214 me

197 2324 479 2384 aranimimeisenientsia]
503 2325 624 2371 ‘Aslcau
654 2323 756 2383 military
771 2324 870 2370 honours
885 2323 1023 2384 (militaria
1035 2324 1112 2382 dona’)

170 2381 329 2441 trulyaffirm.'
361 2384 417 2429 This
432 2400 476 2430 was
492 2400 506 2430 a
521 2385 625 2443 standing
654 2384 770 2428 conferred
789 2399 818 2428 on
838 2382 1048 2429 him-‘advorso
1067 2399 1112 2429 cor-

171 2439 259 2485 Roman
275 2441 372 2487 formula
387 2443 416 2501 by
431 2443 503 2488 which
518 2442 573 2501 they
588 2457 627 2488 ex-
656 2444 734 2501 pore?
758 2443 796 2486 ‘in
811 2440 885 2486 front'
916 2441 959 2487 Sec
977 2442 1030 2488 Cat.
1044 2458 1064 2488 c.
1079 2441 1112 2497 61,

170 2499 258 2558 pressed
268 2514 282 2543 a
291 2499 401 2559 completo
411 2502 552 2555 conviction;
569 2516 592 2545 as
602 2501 627 2546 in
657 2501 770 2545 ‘advorsis
781 2499 925 2545 volneribus)

170 2556 209 2602 the
226 2571 275 2602 cnse
292 2557 356 2603 when
372 2559 410 2603 the
427 2574 505 2604 censor
519 2566 627 2618 pursuant
680 2559 775 2618 porum]
805 2558 838 2603 0r
852 2557 945 2617 ‘parvi,'
961 2573 985 2603 ns
999 2558 1068 2603 Kritz
1076 2558 1113 2603 bns

170 2623 194 2660 to
205 2615 239 2660 his
249 2615 305 2674 duty
315 2617 363 2662 said
376 2624 400 2661 to
413 2632 497 2673 aman,
513 2623 626 2662 ‘uttuex
655 2619 689 2662 it:
707 2616 811 2662 ‘Ivalue
822 2615 870 2661 tbat
880 2615 957 2672 little:
973 2616 1013 2662 the
1024 2618 1114 2676 making

170 2675 240 2719 animi
255 2675 289 2718 tui
308 2675 419 2719 serrtentia
433 2690 527 2721 uxorem
541 2675 625 2732 habes,'
655 2676 701 2720 osa
711 2677 755 2720 line
765 2675 851 2735 speech.

171 2733 215 2778 and
242 2731 281 2778 the
307 2732 374 2791 jolser
399 2733 491 2792 replied,
532 2734 628 2780 ‘Habeo
687 2733 771 2778 litteras
791 2732 903 2836 Graecos&
937 2732 1048 2780 Plutarch
1068 2748 1114 2794 says

172 2791 390 2849 equidamuxorem,
403 2792 442 2836 sed
455 2807 501 2836 non
514 2792 629 2838 bercleex
658 2792 774 2838 thesaure.
805 2791 848 2837 See
858 2807 876 2836 c.
903 2791 923 2837 3.

172 2851 244 2894 animi
261 2850 307 2895 mei
325 2850 450 2895 senteutia‘
469 2849 575 2906 (Gellius,
596 2853 626 2896 iv.
686 2850 898 2908 illo-doctaasam]
932 2850 989 2895 This
1000 2849 1115 2896 isausnal

172 2907 219 2961 20).
260 2909 317 2954 Cort
332 2909 399 2953 omits
417 2909 628 2954 ‘mei.'-‘vera-
657 2908 726 2953 Latin
755 2910 908 2954 construction
933 2908 980 2953 like
1007 2909 1114 2954 Horaca's

172 2967 306 3026 praedicat:'
332 2967 368 3012 ‘if
380 2982 424 3025 any
443 2966 508 3026 thing
527 2969 546 3012 is
566 2968 628 3026 truly
657 2968 735 3012 ‘docta
750 2983 862 3013 sermones
877 2969 995 3026 utriusque
1010 2967 1114 3028 linguae!

173 3025 219 3070 said
230 3025 256 3070 of
268 3041 305 3070 me
319 3024 478 3084 (remoratio),
489 3026 508 3070 it
518 3032 578 3071 must
588 3041 627 3085 say
656 3028 693 3062 -‘
702 3027 808 3084 praesidia
817 3027 900 3085 agitare
909 3027 922 3071 :'
939 3041 1043 3085 compare
1051 3043 1071 3072 c.
1080 3026 1115 3080 55,

172 3082 225 3129 well
246 3084 272 3128 of
288 3084 524 3145 me.'-‘superant:'
551 3087 629 3130 ‘over-
658 3085 808 3142 ‘praesidium
833 3085 1018 3144 agitabant.'-‘
1024 3087 1093 3144 juxta
1102 3085 1115 3131 ι’

173 3156 253 3201 power,
263 3143 350 3188 refuto)
658 3157 694 3188 seo
704 3143 754 3189 Cat.
765 3159 784 3188 c.
794 3143 816 3188 2.

201 3199 409 3260 qut-imposuistis]
441 3200 514 3257 ‘Qui'
528 3201 629 3246 reserato
686 3207 735 3246 aare
764 3201 844 3254 erilem]
890 3201 978 3246 ‘Treat
1012 3202 1115 3261 scantily,

174 3258 212 3303 tho
232 3259 298 3304 ‘vos'
320 3259 439 3306 contained
453 3261 477 3304 in
497 3260 629 3304 ‘vostra.'-
657 3259 730 3305 meonl
750 3260 1024 3315 ,'andhovoabundanoo
1034 3260 1119 3319 mysoli

174 3319 247 3361 ‘num
272 3319 379 3364 eorumz'
405 3321 474 3363 ‘nuni
499 3317 538 3372 id:
564 3317 628 3374 cort,
671 3276 833 3378 ‘opulbnter').
874 3318 965 3363 ‘Arte'
986 3321 1005 3362 is
1026 3319 1115 3365 ‘arcte'

175 3374 351 3422 Auen-‘fidei
371 3376 471 3423 caussa?
496 3391 532 3422 seo
552 3391 570 3422 c,
591 3376 627 3422 29.
687 3376 861 3436 e‘opulens,'c.
879 3376 914 3433 69,
932 3376 977 3420 and
993 3379 1056 3422 ‘arte
1071 3393 1116 3422 mo·

175 3431 223 3477 The
243 3433 352 3493 complete
372 3437 499 3495 expression
518 3436 537 3480 is
558 3436 628 3481 ‘fidei
657 3436 712 3481 dum
732 3435 849 3490 statuisse,'
869 3450 887 3480 c.
909 3433 1116 3481 alt-‘meam-

174 3489 292 3536 fuciundaa
302 3495 392 3539 caussa!
658 3492 750 3539 illorum
763 3495 777 3539 :⁸
803 3496 862 3539 ‘nor
881 3492 930 3539 will
950 3492 962 3538 1
989 3494 1060 3540 make
1079 3496 1116 3540 tho

200 3546 283 3607 imeae,
294 3551 347 3615 da]
375 3551 448 3599 These
457 3552 630 3614 wemprizesor
657 3551 720 3612 glory
730 3551 995 3610 minathetoilthairs?
