2302 3864
147 214 207 273 136
409 209 442 270 C.
464 208 666 270 satanam
688 208 829 271 CRISPI

147 371 275 432 Uticam>
291 370 407 510 appulsi
427 371 543 431 litteras
569 371 606 431 ad
630 372 811 450 Jugurtham
838 368 973 444 mittunt,
1002 391 1091 450 quam

148 453 292 512 ocissume
305 472 322 510 a
356 452 533 530 provinciam
555 453 682 526 accedat,
697 473 786 532 seque
799 453 836 512 ad
850 473 916 511 eum
932 453 968 512 ab
983 459 1092 512 senatu

147 533 261 592 missos.
303 533 359 592 Ille
374 532 425 593 ubi
438 532 551 613 accepit
565 533 697 593 homines
710 535 811 607 claros,
825 553 949 610 quorum
963 533 1092 593 auctori·

147 619 240 673 tatem
262 615 374 673 Romae
397 614 506 692 pollere
528 614 686 687 audiverat,
705 620 809 674 contra
829 615 981 693 inceptum
1004 635 1092 674 suum

148 694 271 768 venisse,
294 694 386 774 primo
409 701 571 754 commotus
594 702 676 755 metu
696 701 784 775 atque
803 694 935 755 lubidine
958 695 1093 755 divorsus

149 775 326 853 agitabatur.
367 774 501 834 Timebat
514 776 587 835 iram
612 782 741 849 senatus,
755 775 788 834 ni
799 776 946 853 paruisset
967 776 1092 853 legatis;

148 876 235 934 porro
249 856 364 915 animus
384 856 521 936 cupidine
543 876 646 916 caecus
659 857 696 916 ad
709 858 860 936 inceptum
882 857 977 916 scelus
998 856 1093 936 rapie-

148 937 209 996 bar,
250 936 332 997 Vicit
354 942 453 996 tamen
469 937 508 996 in
532 936 615 997 avido
636 937 755 1015 ingenio
776 958 897 1016 pravum
925 937 1091 998 consilium.

150 1017 250 1094 Igitur
264 1017 394 1077 exercitu
414 1017 593 1077 circumdato
613 1039 726 1078 summa
745 1018 773 1077 vi
796 1018 908 1078 Cirtam
929 1018 1095 1097 irrumpere

149 1098 265 1166 nititur,
290 1119 425 1158 maxume
445 1118 566 1178 sperans
589 1098 707 1159 diducta
728 1119 818 1159 manu
839 1098 968 1158 hostium
991 1105 1043 1157 aut
1063 1099 1094 1158 vi

149 1186 202 1239 aut
225 1179 299 1239 dolis
324 1200 387 1238 sess
409 1199 508 1239 casum
529 1180 667 1239 victoriae
681 1180 886 1239 inventurum.
929 1179 1016 1255 Quod
1041 1179 1095 1239 ubi

150 1280 234 1320 secus
259 1261 390 1338 procedit
408 1280 504 1339 neque
525 1260 603 1339 quod
622 1260 790 1321 intenderat
811 1261 923 1320 efficere
937 1265 1036 1338 potest
1058 1266 1094 1319 ut

149 1341 232 1420 prius
246 1362 332 1419 quam
354 1342 466 1419 legatos
488 1341 658 1401 conveniret
680 1342 855 1401 Adherbalis
878 1342 1033 1421 potiretur,
1053 1361 1093 1400 ne

150 1423 275 1502 amplius
297 1422 437 1483 morando
460 1423 613 1495 Scaurum,
635 1443 722 1501 quem
740 1423 909 1502 plurumum
931 1421 1093 1495 metuebat,

149 1502 329 1576 incenderet,
357 1524 423 1563 cum
447 1503 547 1582 paucis
571 1503 721 1582 equitibus
741 1505 774 1562 in
801 1503 977 1583 provinciam
1000 1502 1093 1562 venit.

148 1584 195 1645 Ac
209 1583 327 1644 tametsi
342 1579 437 1644 senati
449 1583 544 1643 verbis
559 1604 660 1662 graves
674 1584 770 1644 minae
783 1584 1004 1656 nuntiabantur,
1015 1581 1095 1662 quod

152 1665 217 1745 [ab]
233 1666 452 1744 oppugnatione
465 1685 526 1724 non
540 1665 703 1738 desisteret,
727 1665 821 1725 multa
841 1669 940 1725 tamen
960 1664 1094 1724 oratione

150 1752 324 1822 consumpta
337 1745 427 1824 legati
440 1744 551 1804 frustra
564 1745 731 1805 discessere.

191 1831 240 1886 26.
263 1827 308 1885 Ea
331 1831 485 1904 postquam
505 1825 604 1885 Cirtae
623 1826 724 1886 andita
745 1830 825 1899 sunt,
846 1825 953 1897 Italici,
968 1846 1094 1905 quorum

149 1906 260 1965 virtute
274 1907 388 1965 moenia
402 1906 638 1979 defensabantur,
653 1906 754 1967 confisi
763 1907 911 1967 deditione
919 1906 997 1966 facta
1007 1927 1095 1987 prop·

151 1993 198 2049 ter
222 1986 453 2063 magnitudinem
476 1987 578 2066 popuii
601 1988 727 2046 Romani
754 1987 907 2047 inviolatos
935 1987 1093 2062 nesciere,

151 2066 312 2126 Adherbali
335 2067 468 2139 suadent,
482 2067 528 2126 uti
549 2088 637 2147 seque
651 2068 835 2147 etoppidum
851 2068 872 2127 J
873 2069 1019 2146 ugurthae
1034 2075 1094 2127 tra·

152 2147 211 2219 dat,
235 2153 353 2205 tantum
373 2148 410 2207 ab
431 2168 466 2206 eo
488 2148 577 2207 vitam
599 2149 771 2228 paciscatur,
793 2149 829 2208 de
850 2148 954 2208 ceteris
977 2147 1095 2208 senatui

151 2247 237 2288 curae
250 2227 322 2287 fore.
363 2229 406 2287 At
428 2228 485 2302 ille,
507 2229 626 2288 tametsi
645 2230 743 2289 omnia
762 2229 876 2310 potiora
898 2229 955 2288 fide
980 2229 1001 2288 J
1003 2250 1094 2307 ugur-
1127 2300 1131 2312 Ι

151 2309 220 2367 thae
233 2308 361 2380 rebatur,
375 2316 476 2368 tamen
489 2309 557 2389 quia
578 2330 668 2389 penes
686 2309 811 2383 eosdem,
835 2310 860 2369 si
881 2310 1094 2384 advorsaretur,

151 2388 275 2465 cogendi
301 2394 432 2467 potestas
460 2397 531 2461 erat,
559 2390 609 2463 ita,
637 2391 683 2450 nti
707 2397 883 2451 censuerant
911 2390 1017 2463 Italici,
1045 2390 1095 2450 de·

152 2468 293 2529 ditionem
307 2470 386 2530 facit.
429 2471 579 2548 Jugurtha
600 2471 632 2530 in
654 2471 755 2550 primis
777 2471 972 2531 Adherbalem
993 2491 1095 2530 excru-

151 2549 260 2610 ciatum
274 2556 369 2623 necat,
384 2550 490 2610 deinde
506 2552 601 2611 omnis
622 2552 747 2631 puberes
769 2553 915 2611 Numidas
935 2559 1023 2630 atque
1043 2572 1095 2610 ne-

151 2631 311 2770 gotiapores
325 2631 498 2710 promiscue,
511 2632 556 2692 uti
578 2634 701 2713 quisque
722 2633 841 2693 armatis
865 2633 967 2693 obrius
988 2633 1095 2707 fuerat,

151 2713 230 2771 inter
251 2711 301 2771 cit.

180 2842 281 2886 deuorare
303 2840 442 2899 agitabatur]
488 2842 544 2887 ‘He
562 2856 607 2886 was
636 2841 784 2902 complishing
802 2842 860 2888 their
879 2841 1092 2947 palpares-‘baffi

152 2900 272 2945 distracted
296 2900 326 2958 by
354 2901 459 2958 oppoeiug
486 2900 607 3003 thoughts)
637 2901 799 2960 oppugnatione
814 2916 860 2946 non
877 2903 993 2948 desisteret
1002 2904 1016 2947 ι’
1060 2909 1095 2947 ort

152 2958 209 3004 Cort
218 2973 331 3017 compares
342 2957 400 3018 Livy
410 2956 446 3013 26,
457 2973 477 3005 o.
487 2959 509 3014 ὅ,
520 2962 534 2982 “
569 2974 608 3003 an·
638 2959 778 3015 omits‘ab3'
794 2961 838 3005 and
852 2961 908 3005 ‘ab'
926 2962 945 3005 is
963 2968 1003 3005 not
1019 2975 1094 3006 neces-

150 3015 251 3062 nibalem
274 3017 387 3062 diversum
408 3051 413 3062 .
435 3051 440 3063 .
462 3051 467 3062 .
489 3017 607 3063 trahebant
635 3033 658 3062 aa
686 3051 691 3062 .

150 3074 607 3121 curae.’'-‘diductamanu:'‘theforce
660 3032 700 3121 36.
721 3074 808 3132 Italus]
853 3077 902 3121 The
928 3076 1030 3130 Italians,
1056 3077 1095 3121 the

152 3134 178 3178 of
185 3133 223 3179 the
233 3149 314 3193 enemy
324 3134 375 3180 bein
397 3134 499 3180 divided'
510 3135 535 3178 in
544 3135 608 3179 order
638 3135 644 3156 ‘
654 3135 721 3192 togati
730 3133 736 3152 ’
753 3133 779 3191 (c.
791 3133 877 3191 21).-‘
886 3136 1001 3180 deditione
1011 3136 1070 3194 iacta
1079 3135 1094 3180 :’

151 3198 176 3236 to
186 3194 251 3237 resist
267 3192 304 3238 the
322 3150 397 3238 attari(
410 3192 485 3238 which
496 3192 609 3252 Jugurtha
638 3193 672 3237 ‘if
680 3192 732 3251 they
742 3194 904 3239 surrendered'

152 3264 196 3295 was
207 3251 298 3310 making
306 3266 335 3296 on
345 3251 377 3296 all
386 3261 446 3321 parts
457 3252 483 3296 of
490 3252 528 3296 the
538 3259 607 3297 town.
666 3252 740 3296 omnia
754 3253 845 3309 potiora
855 3251 915 3312 fide]
945 3253 1015 3310 ‘Any
1030 3251 1096 3310 thing

180 3310 463 3369 ficere-at-potrrciar]
495 3310 609 3355 ‘Sumeed
638 3310 712 3355 better
732 3310 786 3355 than
806 3318 830 3355 to
846 3318 904 3355 trust
922 3317 945 3354 to
966 3310 1094 3368 Jugurtha·

152 3366 177 3410 in
186 3369 271 3434 getting
285 3367 338 3412 hold
354 3369 380 3413 of
393 3367 524 3424 Adherbal,'
535 3367 608 3413 which
638 3368 749 3428 Campam
765 3371 853 3414 ‘omnia
877 3368 1000 3435 ati,'c.·20.
1032 3369 1096 3413 Cirta

153 3424 253 3528 {rapllrnbps
269 3427 348 3529 ‘flpodd
362 3427 502 3530 idienflefflfb'
521 3426 608 3531 {whdich
638 3429 824 3542 §aputakcnssp
844 3385 892 3509 l‘iiZ.
917 3426 1026 3529 (Clrpton.
1053 3426 1096 3472 See

239 3499 267 3528 en
299 3499 318 3529 rs
350 3500 380 3530 ear
413 3489 609 3531 .-‘rusra1s-
662 3502 680 3531 n
742 3522 747 3531 .
796 3514 847 3531 .-
871 3501 886 3530 n
913 3499 960 3529 ora
985 3485 1096 3533 resz’sce

152 3541 259 3588 cessere?
285 3544 358 3588 ‘went
376 3501 440 3602 deity
457 3544 553 3590 without
572 3560 608 3591 ac·
637 3544 688 3591 Cat
699 3520 718 3592 c’
726 3503 765 3602 io,
776 3551 836 3591 note.
887 3500 913 3545 eg
