2302 3864
431 182 647 243 CATILINA.
972 189 1012 247 93

64 343 179 417 addere,
194 364 289 422 neque
304 364 338 403 ex
352 344 458 422 ignaro
473 349 626 403 strenuum
642 366 737 425 noque
746 345 852 406 sortem
865 368 900 406 ex
909 347 1013 408 timido

63 424 223 484 exereitum
248 426 380 484 oratione
401 425 588 504 imperatoris
608 427 681 486 fieri.
724 427 844 502 Quanta
871 430 1013 508 cujusque

63 506 161 564 auimo
176 505 296 565 eudocia
318 513 423 565 natum
444 511 497 564 aut
519 506 649 566 moribus
671 506 759 581 inest,
780 511 913 568 tantuin
936 510 1012 569 bello

63 593 165 666 potere
179 586 271 659 solet;
292 607 377 665 quem
392 607 488 665 neque
503 587 704 667 gloriansque
726 589 854 667 pericula
873 590 1012 660 excitant,

63 668 256 746 nequicquam
281 668 416 739 hortere3
445 669 534 727 timor
556 668 647 727 animi
669 669 789 728 auribus
813 671 911 730 officit.
955 673 1012 731 Sed

63 769 118 826 ego
132 769 183 808 vos
197 769 255 827 quo
269 769 362 828 pauca
376 769 524 807 monerem
539 749 685 823 advocavi,
707 750 793 810 simul
813 752 859 810 uti
879 773 1012 812 caussam

63 829 122 887 mei
144 830 247 888 consili
269 829 420 908 aperirem.
462 829 550 889 Scitis
572 830 716 908 equidem,
739 832 856 904 milites,
881 833 1012 892 secordia

63 916 151 988 atque
162 910 278 988 ignavia
292 910 413 969 Lentuli
428 917 567 988 quautam
582 911 639 990 ipsi
652 911 796 990 nobisque
810 913 919 972 cladem
932 919 1011 974 attu-

59 987 139 1063 lerit,
155 1012 269 1070 quoque
284 990 379 1063 modo,
400 991 470 1050 dum
495 1012 530 1050 ex
553 992 627 1051 urbe
649 993 793 1071 praesidia
815 995 958 1073 opperior,
980 995 1012 1055 in

64 1072 191 1132 Galliam
205 1072 348 1150 proficisci
371 1072 560 1150 nequiverim.
602 1073 692 1132 Nune
713 1094 781 1132 vero
804 1096 861 1153 quo
880 1075 943 1134 loco
963 1096 1011 1136 res

62 1159 181 1212 nostrae
196 1153 265 1225 sint,
276 1154 363 1232 juxta
377 1173 492 1212 mecum
506 1173 608 1212 omnes
629 1154 810 1232 intellegitis.
852 1155 1011 1216 Exercitus

61 1233 191 1293 hostium
220 1234 287 1305 due,
315 1254 393 1293 unus
426 1234 462 1292 ab
492 1234 572 1306 urbe,
600 1234 675 1294 alter
702 1255 719 1294 a
749 1236 844 1295 Gallia
872 1240 1009 1309 obstant3

62 1314 175 1373 diutius
195 1314 227 1373 in
247 1315 293 1373 his
314 1315 385 1374 locis
410 1335 482 1387 esse,
504 1315 529 1373 si
551 1335 685 1375 maxume
707 1316 822 1376 animus
844 1317 929 1390 feret,
949 1318 1011 1377 fru-

61 1396 155 1454 menti
169 1402 258 1474 atque
272 1395 395 1454 aliarum
408 1415 507 1454 rerum
521 1402 637 1472 egestus
658 1397 812 1475 probibet;
834 1418 1010 1477 quocunque

60 1475 104 1535 ire
126 1477 230 1556 placet,
252 1476 330 1536 ferro
354 1477 412 1535 iter
432 1476 626 1555 aperiundum
650 1486 704 1536 est.
748 1477 936 1557 Quapropter
957 1499 1010 1538 vos

60 1578 166 1616 moneo
180 1558 225 1615 uti
239 1557 311 1617 forti
330 1562 419 1635 atque
440 1563 543 1634 parato
564 1558 662 1616 auimo
682 1558 755 1631 sitis,
770 1565 800 1616 et
815 1578 903 1636 quum
927 1579 1010 1638 proe-

60 1638 132 1698 lium
154 1638 277 1709 iuibitis,
300 1637 492 1696 memineritis
520 1658 571 1696 vos
600 1637 723 1712 divitias,
752 1638 848 1711 decus,
877 1639 1008 1717 gloriam,

59 1725 213 1799 praeterea
239 1719 407 1779 libertatem
433 1725 521 1796 atque
543 1719 666 1796 patriam
694 1719 727 1778 in
751 1719 879 1778 dexteris
901 1721 1008 1780 vostris

60 1807 187 1879 portare.
230 1798 637 1872 sivinoimus,01nnianobis
660 1805 727 1858 tutu
749 1806 845 1872 eruut,
866 1820 1008 1860 commea·

59 1888 110 1940 tus
125 1881 251 1954 abunde,
265 1881 424 1958 municipia
438 1888 526 1958 atque
543 1880 677 1939 coloniae
693 1880 858 1959 patebunt;
880 1882 905 1940 si
926 1890 1009 1944 metu

60 1963 243 2035 cesserimus,
258 1962 358 2021 eadem
373 1961 423 2020 illa
436 1960 558 2020 advorsa
571 1961 663 2033 fieut3
683 1982 779 2040 neque
799 1962 890 2035 locus,
910 1983 1008 2042 neque

59 2043 171 2103 amicus
185 2044 337 2122 quisquam
351 2048 433 2120 teget
453 2061 538 2121 quem
560 2062 640 2100 arma
660 2063 720 2101 nou
742 2042 879 2102 texerint.
921 2044 1008 2104 Prae·

59 2132 150 2197 terea,
172 2124 290 2196 milites,
313 2144 374 2182 uon
396 2122 495 2182 eadem
520 2123 606 2182 uobis
629 2130 660 2181 et
681 2123 740 2182 illis
754 2124 941 2183 necessitudo
955 2125 1008 2184 im-

58 2207 186 2286 pendet:
208 2225 263 2264 nos
277 2224 330 2283 pro
344 2203 448 2283 patria,
464 2224 516 2283 pro
531 2203 676 2276 libertate,
690 2225 743 2283 pro
761 2205 822 2263 rita
842 2211 1007 2278 certemus3

58 2287 117 2346 illis
131 2305 376 2366 supervacaneum
392 2291 438 2343 est
452 2305 505 2363 pro
526 2286 662 2364 potentia
683 2305 843 2364 paucorum
865 2306 1007 2365 pugnare.

58 2486 84 2531 ii.
101 2484 122 2530 2.
142 2483 181 2544 36)
192 2483 233 2529 has
250 2483 289 2529 the
304 2480 415 2540 complete
429 2495 518 2540 expres·
547 2481 642 2525 towards
653 2480 733 2537 Rome,
744 2481 783 2526 the
793 2481 858 2526 other
871 2496 899 2525 ou
911 2481 949 2526 the
959 2482 1007 2529 sido

58 2545 122 2588 sion:
547 2540 642 2584 towards
652 2538 743 2585 Gallia·
774 2539 837 2584 Thus
853 2540 892 2584 the
906 2541 1006 2586 Romans

67 2621 82 2643 u
91 2619 172 2664 Verbis
182 2633 238 2676 qu„
245 2617 325 2662 timido
332 2630 421 2675 quoque
428 2622 518 2675 possent
547 2598 619 2651 write,
632 2601 692 2642 ‘crat
702 2614 715 2641 a
725 2599 913 2680 septentrionibus
927 2599 1004 2645 collis’

117 2678 197 2722 addere
207 2675 330 2722 mentem„
548 2655 646 2713 (Caesar,
658 2656 685 2702 B.
698 2655 726 2702 G.
739 2656 830 2713 vu.83),
855 2657 1006 2704 ontbcuorth

309 2711 314 2721 '
547 2715 594 2759 side
605 2715 667 2760 there
677 2730 721 2760 was
730 2730 744 2760 a
753 2715 812 2760 hill:

87 2772 154 2818 timor
170 2770 252 2832 enimi]
299 2771 342 2817 Sco
362 2770 414 2828 Jug.
435 2785 454 2816 o.
480 2769 516 2815 20.
574 2774 713 2832 commeatus]
749 2772 882 2833 ‘Supplics'
922 2772 1005 2819 ‘Com-

58 2832 97 2877 He
108 2847 135 2891 op
164 2847 198 2877 ses
209 2831 323 2876 ‘unimus'
335 2836 359 2874 to
374 2828 413 2874 the
424 2830 516 2875 ‘sures’
545 2832 644 2877 meatus'
656 2833 676 2876 is
685 2831 794 2891 probably
812 2831 849 2876 the
866 2831 1005 2879 nominativo

57 2891 133 2935 ‘Auri
152 2906 177 2935 us
194 2890 278 2945 officit,’
300 2891 374 2947 ‘stopa
394 2887 432 2932 the
452 2888 515 2944 ears:
546 2889 651 2949 singular,
662 2905 686 2935 as
696 2890 778 2935 Jacobs
795 2890 902 2944 remarks,
918 2890 1005 2949 though

55 2957 160 3008 prevents
171 2949 232 2994 them
241 2949 299 2992 from
310 2947 409 3006 hearing.
435 2945 514 3007 (lomp.
546 2948 585 2993 the
595 2950 655 2993 word
667 2950 686 2993 is
696 2948 742 2993 also
759 2950 813 2994 used
831 2950 854 2992 in
872 2947 911 2992 tho
922 2947 1003 3005 plural.

56 3008 73 3054 J
75 3024 110 3067 ug.
122 3023 140 3054 c.
152 3008 187 3063 62,
199 3005 343 3051 ‘officerent'
545 3008 672 3052 ‘Abunde'
683 3008 759 3054 stands
770 3008 794 3051 in
809 3006 848 3051 tho
861 3006 922 3065 place
937 3007 964 3051 of
974 3022 1004 3054 an

85 3064 270 3126 Scitisequidem]
293 3063 515 3120 Seeo.5l,notcon
544 3065 659 3124 adjective.
678 3065 721 3111 See
731 3081 749 3112 o.
760 3064 795 3110 21.
827 3065 883 3109 Cort
893 3065 1004 3119 observes,

57 3125 192 3184 ‘equidem'
545 3126 596 3170 “ex
612 3139 674 3172 more
689 3123 792 3169 Sallustii
806 3128 938 3168 commeatus
957 3138 1004 3170 non

57 3243 62 3254 Ι
85 3184 201 3266 φαςίοσο]
223 3182 304 3258 There³
312 3183 332 3226 is
343 3180 389 3252 also
404 3181 443 3226 the
453 3182 515 3227 reed-
544 3189 591 3227 tarn
610 3197 649 3242 pro
666 3183 762 3259 secund?
780 3181 936 3284 qpamprimo
951 3195 1003 3228 casu

55 3257 219 3346 stilti?
232 3239 514 3344 ltlststttdt
542 3239 1003 3357 titilletdetltttsltttff

54 3359 188 3418 -‘juxta:'
219 3373 255 3404 see
272 3374 291 3404 o.
310 3357 331 3403 2,
363 3357 419 3402 Cort
442 3361 513 3400 treus·
541 3359 624 3405 native.

54 3416 112 3464 lates
121 3420 197 3476 it,‘so
207 3424 248 3476 gut
257 3415 290 3462 als
306 3416 358 3472 ich‚'
374 3417 411 3460 ‘as
425 3412 478 3460 well
492 3429 516 3462 as
573 3414 770 3474 superocwaneuml
800 3412 918 3460 Seecbl.
950 3415 1002 3462 Itis

54 3475 67 3521 I
78 3477 84 3495 '
544 3489 573 3519 au
583 3474 629 3519 idle
639 3473 710 3532 thing,
721 3489 734 3518 a
744 3473 809 3532 thing
819 3473 845 3518 of
859 3488 890 3518 no
905 3489 952 3530 use,
966 3475 1003 3521 for

71 3510 140 3583 'm
150 3533 178 3582 erl
192 3533 255 3594 arbo]
284 3533 348 3580 ‘One
366 3547 395 3578 ou
413 3530 452 3578 the
468 3531 515 3579 side
544 3532 608 3580 them
618 3539 642 3579 to
651 3532 708 3594 fight
722 3533 757 3578 for
767 3532 805 3578 the
816 3546 890 3594 power
900 3533 925 3577 of
931 3534 1002 3590 stow,
