2302 3864
410 217 653 278 JUGURTHA.
943 219 1004 278 149

99 381 149 439 35.
169 379 243 439 llrat
264 397 299 438 ea
320 382 499 456 tempestate
517 379 629 439 Romae
648 377 780 438 Numida
800 376 928 456 quidam,
949 398 1002 436 no·

60 460 140 518 mine
164 459 303 532 Massiva,
330 459 477 519 Gulussae
500 459 587 532 filius,
610 459 787 519 Masinissae
814 478 915 538 nepos,
943 458 1003 538 qui,

60 540 128 619 quia
152 540 184 599 in
208 539 390 600 dissensione
417 561 520 618 regum
543 540 712 619 Jugurthae
739 540 878 599 advorsus
898 539 1003 613 fuerat,

61 622 159 681 dedita
175 621 258 681 Cirta
271 627 303 680 et
315 621 482 680 Adherbale
501 622 657 681 interfecto
679 620 822 700 profugus
845 641 880 679 ex
902 619 1004 679 Africa

60 701 181 761 abierat.
233 701 315 761 Huic
340 703 390 781 Sp.
419 701 555 774 Albinus,
584 701 634 781 qui
661 721 803 780 proxumo
830 721 907 760 anno
935 706 1004 780 post

61 783 193 842 Bestiam
208 803 274 842 cum
289 783 326 858 Q.
340 782 475 841 Minucio
489 783 568 842 Rufo
584 783 767 842 consulatum
789 782 918 858 gerebat,
939 801 1004 860 per-

62 863 175 936 suadet,
203 863 340 942 quoniam
365 863 515 940 exstirpe
541 863 717 922 Masinissae
741 863 789 937 sit,
810 862 1003 940 Jugurtham-

63 944 149 1022 [que]
165 945 202 1004 ob
217 944 325 1003 scelera
337 942 446 1004 invidia
460 964 527 1004 cum
540 951 622 1003 metu
636 949 770 1021 urgueat,
792 963 915 1021 regnum
939 943 1004 1002 Nu·

61 1024 168 1083 midiae
195 1025 231 1084 ab
259 1030 365 1084 senatu
392 1031 483 1103 petat.
524 1025 638 1084 Avidus
665 1025 767 1085 consul
786 1024 856 1083 belli
879 1023 1006 1100 gerundi

61 1104 170 1186 moveri
194 1126 280 1184 quam
304 1125 455 1164 senescere
479 1105 576 1164 omnia
602 1105 747 1179 malebat;
773 1105 830 1183 ipsi
856 1104 1005 1183 provincia

62 1185 213 1259 Numidia,
228 1185 362 1245 Minucio
377 1186 552 1246 Macedonia
568 1192 714 1247 evenerat.
756 1185 839 1261 Quae
849 1191 1005 1264 postquam

62 1267 194 1325 Massiva
208 1267 319 1344 agitare
333 1267 438 1346 coepit,
453 1287 549 1346 neque
572 1267 592 1326 J
595 1267 739 1345 ugurthae
757 1266 789 1325 in
811 1265 910 1324 amicis
932 1265 1004 1324 satis

62 1347 200 1426 praesidii
214 1353 268 1419 est,
284 1347 361 1426 quod
382 1368 483 1407 eorum
505 1348 595 1406 alium
615 1346 802 1420 conscientia,
820 1346 909 1405 alium
930 1345 1006 1405 mala

63 1428 141 1486 fama
154 1435 185 1486 et
199 1429 287 1487 timor
300 1428 485 1506 impediebat,
500 1427 656 1487 Bomilcari
670 1448 811 1506 proxumo
825 1447 859 1486 ac
873 1446 1006 1486 maxume

61 1508 120 1568 fido
135 1509 191 1568 sibi
204 1509 338 1586 imperat,
352 1509 456 1587 preti0,
471 1509 559 1568 sicuti
580 1508 673 1568 multa
693 1508 866 1579 confecerat,
885 1506 1005 1566 insidia·

63 1594 143 1649 tores
158 1591 307 1649 Massivae
327 1594 420 1668 paret,
435 1610 468 1649 ac
482 1610 616 1648 maxume
638 1589 761 1660 occulte,
785 1587 831 1647 sin
853 1586 884 1645 id
902 1607 1006 1665 parum

63 1671 211 1750 procedat,
236 1669 337 1748 quovis
361 1670 447 1729 modo
472 1670 630 1729 Numidam
653 1669 819 1728 interficiat.
860 1667 1008 1726 Bomilcar

63 1757 178 1811 mature
201 1752 279 1828 regis
300 1751 437 1810 mandata
458 1751 634 1829 exsequitur,
659 1757 690 1809 et
712 1771 765 1828 per
786 1749 919 1808 homines
939 1747 1007 1807 talis

64 1833 175 1909 negotii
197 1832 323 1891 artifices
345 1831 452 1891 itinera
469 1852 663 1910 egressusque
683 1831 755 1909 ejus,
776 1836 923 1909 postremo
944 1828 1008 1888 loca

65 1920 154 1990 atque
177 1920 308 1990 tempora
332 1920 440 1971 cuncta
462 1912 611 1991 explorat:
634 1911 747 1985 deinde,
767 1911 818 1970 ubi
838 1931 886 1969 res
906 1915 1016 1989 postu:

64 1993 155 2065 labat,
167 1993 289 2052 insidias
303 1992 409 2052 tendit.
451 1993 550 2071 Igitur
571 2014 649 2052 unus
663 2014 698 2052 ex
713 2013 748 2052 eo
762 2012 892 2063 numero,
907 1989 957 2068 qui
971 1989 1011 2050 ad·

63 2074 180 2133 caedem
194 2073 289 2151 parati
303 2081 396 2147 erant,
409 2074 496 2152 paulo
510 2074 706 2133 inconsultius
725 2072 885 2132 Massivam
906 2091 1006 2149 aggre-

65 2154 163 2227 ditur3
184 2154 266 2213 illum
281 2155 446 2227 obtruncat,
462 2153 513 2213 sed
526 2155 589 2233 ipse
603 2155 801 2233 deprehensus
822 2151 923 2214 multis
943 2153 1009 2212 hor·

64 2235 199 2294 tontibus
213 2243 243 2294 et
257 2235 404 2314 inprimis
418 2234 528 2294 Albino
543 2236 662 2294 consule
682 2233 824 2294 indicium
844 2233 1009 2312 profitetur.

65 2316 117 2375 Fit
130 2337 197 2375 reus
213 2317 305 2394 magis
318 2336 354 2374 ex
368 2336 460 2394 aequo
473 2316 608 2394 bonoque
622 2336 709 2394 quam
731 2335 766 2374 ex
787 2315 855 2394 jure
875 2314 1009 2392 gentium

95 2498 129 2542 35.
145 2498 207 2544 Erat
219 2497 256 2558 ea]
286 2498 336 2543 ‘Ea
347 2498 411 2553 erat*
428 2498 523 2544 Cort-
552 2497 672 2543 ‘movere'
689 2497 738 2544 The
748 2496 825 2542 consul
837 2496 925 2542 ‘would
935 2495 1011 2542 rather

67 2557 215 2603 ‘Gulussaet'
239 2573 275 2603 see
291 2572 310 2604 o.
331 2557 433 2616 t-‘sp
457 2557 521 2602 Albi·
552 2556 735 2616 thatsverythin
760 2555 841 2601 should
849 2556 876 2601 be
884 2557 908 2600 in
917 2556 1010 2614 activity

66 2616 133 2660 binus
142 2617 155 2659 :⁹
169 2615 262 2672 Spurius
273 2616 405 2661 Postumius
416 2616 522 2671 Albinus,
553 2615 607 2660 than
617 2623 640 2659 at
651 2615 710 2660 rest)
737 2572 789 2660 lfhe
799 2615 875 2659 reader
886 2629 937 2673 may
947 2620 988 2673 put
997 2628 1011 2657 a

66 2675 110 2717 and
133 2674 166 2717 M.
179 2675 294 2719 Minucius
314 2675 395 2730 Rufus,
415 2691 439 2720 as
459 2674 524 2720 other
552 2675 659 2732 meaning
673 2689 702 2718 cn
718 2673 776 2727 this3
797 2674 838 2718 but
853 2673 872 2717 it
886 2673 906 2716 is
921 2687 949 2716 an
964 2671 1011 2716 idle

67 2731 200 2787 authorities
216 2732 260 2777 call
278 2733 334 2788 him,
348 2748 406 2779 were
422 2733 523 2779 theson·
552 2732 637 2791 phrase.
679 2731 789 2790 Compare
812 2729 1010 2780 ‘consenuerunt'

67 2789 114 2836 suls
122 2790 145 2833 iu
154 2790 199 2833 this
209 2794 347 2848 ‘proxumus
353 2793 440 2846 annus,‘
450 2791 523 2836 which
554 2790 604 2836 Cat.
616 2805 634 2837 c.
646 2789 864 2836 20.-‘oousoientia
873 2788 887 2833 :'
898 2802 935 2833 see
946 2803 964 2832 c.
974 2785 1009 2832 32.

67 2863 112 2893 was
123 2860 168 2892 lac.
182 2847 265 2892 ltu-⁴
274 2850 360 2895 invidia
372 2865 423 2895 cum
435 2857 498 2895 metu
508 2848 524 2895 ς’
553 2850 739 2894 -‘insidiatores
757 2848 868 2893 Massivae
878 2845 893 2891 τ’
916 2845 955 2890 the
972 2846 1011 2890 da·

67 2907 107 2952 the
119 2907 223 2962 meaning
233 2907 259 2950 ot
266 2907 327 2952 these
337 2909 409 2954 words
419 2923 491 2954 seems
501 2914 525 2952 to
554 2909 602 2953 tire
610 2909 637 2953 de
665 2909 707 2952 nde
714 2923 743 2951 on
751 2911 756 2929 ⁸
763 2903 918 2952 insidiatores.'
930 2903 1010 2963 Comp.

67 2981 104 3011 ms
115 2962 227 3009 doubtful.
258 2965 341 3010 Jacobs
352 2981 400 3025 says
411 2966 460 3012 that
471 2969 525 3011 “we
556 2967 605 3012 Cat.
617 2967 631 3011 3
647 3002 653 3022 ,
664 2967 770 3011 ‘insidiae
780 2962 882 3009 oonsuli'

66 3031 129 3070 must
139 3037 232 3080 suppose
243 3022 281 3067 the
291 3031 337 3068 seat
352 3025 378 3068 os
392 3025 429 3070 the
443 3026 490 3070 fear
499 3032 523 3069 to
581 3040 609 3069 eo
617 3040 642 3069 eo
652 3039 749 3079 nurnero,
757 3022 804 3083 qui]
819 3021 867 3065 ‘Of
874 3019 938 3064 those
945 3018 1012 3075 who‚'

66 3084 95 3127 be
106 3083 130 3127 in
142 3082 180 3126 the
195 3095 255 3125 same
272 3080 350 3139 peopls
365 3082 389 3127 in
401 3083 475 3128 whom
486 3082 524 3128 tho
554 3084 622 3142 ‘qui’
646 3084 753 3140 referring
778 3090 800 3125 to
825 3079 864 3125 the
888 3079 968 3122 notion
988 3078 1015 3122 of

67 3141 182 3186 ‘invidia'
200 3153 251 3191 was,
269 3140 430 3200 consequeutly
447 3142 471 3185 in
486 3142 525 3187 the
555 3142 648 3199 ‘many'
660 3140 778 3186 contained
787 3136 942 3183 in‘nunrerc.'
961 3136 1012 3182 ‘Ex

67 3199 191 3245 Romans.”
223 3197 279 3242 This
294 3212 346 3255 may
361 3199 389 3243 be
409 3214 440 3245 so.
480 3199 528 3245 But
556 3199 701 3246 eouumero'
720 3212 797 3242 means
811 3196 955 3240 tlrssameas
970 3196 1012 3240 ‘ex

69 3259 183 3302 ‘invidia'
194 3271 245 3314 may
256 3254 303 3300 also
311 3255 368 3302 refer
376 3262 399 3301 to
407 3257 527 3314 Jugurtha,
556 3272 633 3304 eorum
656 3254 808 3301 nurnero.⁸-‘
817 3254 926 3299 iudicium
945 3254 1012 3311 proti-

68 3318 112 3361 and
129 3315 229 3360 ‘metus'
252 3322 302 3369 too;
327 3314 402 3360 ‘since
418 3315 457 3360 the
474 3331 526 3360 cou-
555 3317 637 3362 tetur?
654 3315 697 3360 ‘he
713 3314 822 3359 cculesses
840 3311 885 3364 all,'
902 3309 1013 3356 andtells

69 3376 192 3419 sriousnsss
202 3374 251 3418 that
263 3373 291 3417 he
301 3387 346 3418 was
361 3373 400 3418 the
415 3373 489 3432 object
504 3374 530 3418 of
555 3374 594 3420 all.
626 3374 668 3419 See
679 3373 728 3417 Cat.
741 3371 777 3426 48,
788 3368 929 3415 ‘indicium'

69 3433 152 3477 dislike
170 3434 213 3478 and
231 3433 278 3477 sear
294 3446 339 3477 was
359 3433 458 3491 pressing
473 3431 528 3476 hard
585 3432 626 3477 Fit
636 3433 697 3489 reus]
715 3430 767 3474 ‘llo
778 3430 796 3473 is
807 3428 900 3487 charged
911 3428 966 3473 with
977 3427 1013 3474 bis

70 3507 98 3536 on
109 3491 236 3550 Jugurtha)
267 3490 309 3536 See
321 3487 370 3536 Cbt.
382 3506 400 3536 o.
412 3490 432 3535 6.
557 3490 642 3544 crirne‚'
654 3490 703 3534 that
713 3490 739 3545 is,
750 3488 843 3546 charged
858 3489 882 3532 in
893 3487 936 3531 due
946 3488 1012 3533 torm.

99 3551 182 3595 moveri
191 3564 257 3610 ptum
271 3551 390 3608 senescere]
423 3548 480 3594 Cort
489 3547 529 3594 has
557 3553 593 3586 -‘
600 3563 629 3594 ex
646 3563 716 3607 usquo
733 3548 836 3606 bonoque
844 3547 859 3592 ι’
876 3545 966 3592 ‘rather
977 3562 1013 3591 ac·
