2302 3864
408 229 652 296 JUGURTHA.
946 238 1003 296 115

59 397 121 457 lum
134 397 301 457 Romanum
315 417 410 476 neque
428 397 567 457 advorsus
587 396 659 456 iram
674 396 737 477 ejus
750 416 874 476 usquam
893 396 952 456 nisi
972 397 1005 457 in

59 479 179 538 avaritia
193 479 357 538 nobilitatis
371 486 402 537 et
415 479 540 557 pecunia
564 499 616 538 sua
637 499 719 557 spem
739 478 855 538 habere.
896 479 1003 557 Itaque

59 560 160 639 paucis
175 560 278 619 diebus
292 580 358 619 cum
374 579 445 618 auro
460 566 491 618 et
505 566 627 637 argento
641 559 734 618 multo
748 558 860 638 legatos
877 561 1001 619 Romam

58 640 162 714 mittit,
177 641 242 720 quis
257 640 412 719 praecepit,
426 641 552 720 primum
574 640 620 700 uti
640 647 753 699 veteres
774 641 881 700 amicos
902 660 1004 699 mune·

59 721 142 781 ribus
164 722 310 800 expleant,
332 721 437 780 deinde
459 742 550 781 novos
572 721 732 801 acquirant,
754 728 902 801 postremo
917 739 1004 800 quae·

59 822 175 881 cunque
189 802 304 882 possint
317 802 471 879 largiundo
485 822 587 881 parare
600 823 638 881 ne
652 808 838 861 cunctentur.
880 801 937 861 Sed
951 801 1003 861 ubi
1087 826 1090 832 ·

58 883 184 943 Romam
208 883 298 961 legati
321 903 426 942 venere
450 888 481 942 et
503 903 539 942 ex
561 889 717 962 praecepto
741 883 818 961 regis
837 881 1004 963 hospitibus

59 964 189 1044 aliisque,
210 985 333 1043 quorum
347 984 382 1022 ea
396 970 572 1042 tempestate
585 964 617 1023 in
632 969 737 1023 senatu
759 965 919 1024 auctoritas
941 964 1002 1042 pol·

58 1045 148 1118 lebat,
162 1066 268 1123 magna
289 1065 413 1104 munera
430 1044 543 1119 misere,
565 1051 649 1104 tanta
672 1046 862 1104 commutatio
880 1045 1002 1104 incessit

58 1131 94 1185 ut
108 1146 144 1186 ex
157 1146 292 1185 maxuma
312 1125 421 1185 invidia
442 1126 473 1184 in
494 1126 617 1204 gratiam
641 1131 671 1185 et
692 1126 820 1185 favorem
840 1125 1004 1186 nobilitatis

59 1206 211 1285 Jugurtha
225 1206 354 1279 veniret;
375 1226 499 1285 quorum
513 1228 581 1286 pars
595 1226 655 1286 spe,
669 1207 718 1265 alii
738 1207 867 1286 praemio
887 1206 1003 1266 inducti

59 1287 191 1366 singulos
215 1308 251 1346 ex
273 1294 378 1347 senatu
400 1287 558 1347 ambiundo
581 1287 754 1347 nitebantur
774 1308 813 1346 ne
834 1288 950 1366 gravius
970 1287 1002 1346 ia

58 1389 127 1429 eum
141 1369 352 1428 consuleretur.
393 1368 493 1447 Igitur
506 1369 558 1429 ubi
575 1369 665 1446 legati
687 1369 758 1428 satis
780 1369 940 1441 confidunt,
956 1367 1003 1426 dio

58 1451 222 1510 constituto
237 1456 357 1510 senatus
371 1450 505 1529 utrisque
519 1450 614 1511 datur.
648 1451 723 1509 Tum
736 1449 933 1510 Adherbalem
948 1448 1004 1508 hoo

57 1531 144 1591 modo
157 1532 289 1590 locutum
302 1530 475 1610 accepimus.

100 1616 147 1671 14.
169 1612 300 1671 “Patres
314 1611 481 1691 conscripti.
523 1609 650 1689 Micipsa
664 1615 749 1689 pater
770 1630 853 1669 meus
872 1607 1001 1668 moriens

59 1692 130 1752 mihi
144 1692 301 1772 praecepit,
319 1693 365 1751 uti
387 1692 470 1770 regni
493 1691 650 1750 Numidiae
673 1690 876 1751 tantummodo
898 1710 1002 1769 procu·

58 1774 202 1833 rationem
216 1773 423 1832 existumarem
445 1793 548 1842 meam,
573 1777 703 1831 ceterum
721 1773 773 1853 jus
794 1777 826 1831 et
845 1771 1002 1850 imperium

58 1855 122 1936 ejus
146 1874 242 1933 penes.
258 1873 310 1913 vos
335 1874 417 1927 esse;
452 1853 538 1912 simul
566 1852 694 1912 eniterer
720 1853 797 1913 domi
824 1852 1004 1930 militiaeque

58 1955 145 2015 quam
161 1954 295 1994 maxumo
309 1935 378 1994 usui
392 1954 456 1994 esse
469 1934 578 2014 populo
600 1934 742 2008 Romano,
765 1954 817 1994 vos
840 1933 912 1992 mihi
934 1953 1001 2011 cog·

56 2022 205 2088 natorum,
219 2035 271 2074 vos
292 2015 423 2074 affinium
445 2015 509 2075 loco
532 2015 684 2088 ducerem3
704 2015 730 2074 si
749 2035 784 2075 ea
806 2014 949 2088 fecissem,
970 2014 1002 2073 in

56 2102 156 2156 vostra
170 2095 297 2155 amicitia
311 2096 480 2169 exercitum,
501 2095 625 2168 divitias,
646 2096 830 2156 munimenta
850 2094 934 2173 regni
954 2112 1002 2155 me

57 2177 236 2238 habiturum.
280 2176 363 2253 Quae
386 2197 476 2256 quum
500 2183 656 2256 praecepta
677 2177 809 2256 parentis
831 2176 889 2236 mei
910 2175 1002 2254 agita·

56 2279 129 2332 rem,
144 2259 164 2318 J
167 2258 303 2336 ugurtha,
318 2260 405 2318 homo
419 2257 549 2317 omnium
570 2278 643 2337 quos
664 2263 744 2317 terra
764 2257 892 2318 sustinet
913 2255 1002 2316 scele-

86 2403 110 2448 ἐκ
125 2408 201 2448 senatu
216 2402 347 2462 cactos-dos]
377 2401 433 2448 Oort
448 2402 517 2448 omits
546 2403 842 2450 ...meum'-‘ceterum:'
854 2405 887 2448 ‘in
896 2403 927 2448 all
935 2403 1002 2450 other

58 2463 96 2506 ‘in
119 2464 212 2518 senatu,'
232 2462 276 2508 and
296 2461 344 2507 also
362 2463 517 2506 ‘munera’-
545 2463 656 2521 respecta!
690 2462 732 2508 See
753 2463 803 2508 Cat.
825 2478 843 2508 c.
864 2461 899 2508 51.
941 2462 1001 2522 Livy

58 2523 169 2579 ‘quorum
179 2536 228 2579 pars
238 2521 252 2566 :'
269 2520 392 2580 ‘quorum'
408 2521 477 2566 refers
492 2526 516 2565 to
545 2519 593 2577 (rt,
604 2536 622 2566 c.
636 2519 674 2578 13)
690 2522 805 2567 combines
820 2522 961 2567 ‘dominium
977 2527 1003 2567 et

59 2577 174 2624 ‘nobiles'
202 2580 321 2625 contained
345 2581 368 2625 in
393 2578 432 2624 the
456 2579 516 2623 word
543 2579 1002 2638 jns,'wbers‘dominlum¹corresponds

59 2636 214 2682 ‘nobilitatis'
545 2645 569 2684 to
580 2639 728 2697 ‘imperium'
740 2639 800 2684 here.
821 2638 894 2683 ‘Jns'
911 2653 963 2697 may
973 2639 1002 2684 be

88 2695 302 2755 ae-oonauleretar]
323 2695 517 2741 ‘Thatnosevere
545 2696 667 2742 translated
692 2697 836 2756 ‘authority,’
861 2713 886 2742 or
911 2701 1001 2756 ‘supre-

58 2754 159 2799 decision
184 2753 266 2799 should
290 2755 318 2800 be
342 2755 407 2800 made
431 2755 517 2814 against
546 2756 624 2814 macy,'
644 2771 670 2801 or
688 2755 1002 2815 ‘sovereigntyJ-‘eogna-

58 2813 200 2865 him,'or‚as
215 2811 298 2857 Jacobs
314 2813 415 2871 explains
431 2814 456 2869 it,
474 2815 517 2859 ‘ne
546 2813 723 2860 torum-loco?
746 2817 784 2859 ‘as
799 2815 912 2867 kinsmen,
926 2827 1002 2873 asmy

57 2870 192 2974 griiiu⁸·i¹¹
212 2885 264 2914 eum
280 2872 344 2917 fieret
360 2877 450 2917 senatus
464 2885 516 2917 cou-
545 2873 694 2976 ῗὶοιιιιιεοῑίοιιετ
706 2874 736 2932 by
747 2872 833 2976 ἓΙοιᾶἀξ
849 2872 1003 2976 mpanfipgdas

58 2945 85 2975 su
106 2944 153 2973 um.
563 2946 582 2976 rs
606 2946 683 2977 neares
717 2946 746 2977 an
809 2945 869 2976 cares
919 2945 967 2974 rien
984 2944 1001 2975 a.

88 2986 283 3044 senatus-datar]
312 2987 367 3033 ‘An
380 2988 517 3035 audienceis
547 2990 636 3035 ‘Loco’
660 2991 680 3034 is
705 2991 759 3035 used
784 2991 807 3034 in
832 2989 878 3034 this
900 3001 1001 3039 manner.

58 3048 151 3106 grauoed
170 3046 200 3105 by
219 3046 258 3090 tho
275 3047 364 3091 senate?
401 3047 423 3092 It
439 3049 459 3092 ia
478 3047 516 3093 the
545 3048 629 3095 Caesar
638 3047 678 3107 (B.
690 3049 720 3094 G.
731 3054 744 3094 i.
756 3047 794 3106 26)
807 3050 890 3099 writes,
904 3050 919 3069 “
928 3047 966 3104 qui
982 3048 1000 3091 si

59 3105 125 3150 usual
136 3105 272 3164 expression,
288 3105 517 3161 ‘senatusdatur,’or
543 3107 663 3167 juvissent,
680 3121 703 3153 se
720 3108 799 3152 eodem
815 3105 865 3150 loco
881 3119 925 3163 quo
944 3103 1002 3150 Hel-

59 3165 139 3209 ‘datus
149 3163 199 3208 est’
545 3167 617 3213 vetios
635 3164 791 3212 habiturumf·
828 3164 884 3210 Oort
903 3163 943 3208 has
964 3165 1002 3209 ‘in

90 3221 123 3268 14.
137 3218 325 3281 procursationem]
362 3221 426 3267 ‘The
445 3223 516 3268 admi·
546 3225 656 3270 adfinium
680 3224 1003 3270 locum.'-‘munimenta·-

58 3281 195 3326 nistration.'
226 3280 419 3340 A‘procurator'
436 3281 456 3325 is
473 3295 516 3327 one
544 3283 677 3330 habiturum
685 3284 700 3333 ε’,
716 3283 873 3328 ‘munimenta
887 3296 910 3325 re
942 3281 1002 3328 iha·

58 3338 111 3384 who
130 3346 177 3384 acts
194 3341 218 3384 in
235 3355 248 3384 a
265 3345 348 3384 matter
363 3338 399 3383 sor
415 3338 515 3385 another.
545 3341 611 3397 hera·
623 3341 685 3395 Cora,
695 3339 810 3399 following
820 3346 863 3384 two
875 3339 919 3385 MS
939 3373 944 3386 .

60 3397 111 3443 The
120 3399 182 3444 word
196 3398 236 3443 has
251 3413 264 3442 a
279 3395 389 3442 technical
404 3397 516 3466 meaning,
575 3400 636 3456 Quae
660 3399 898 3501 qaam-aptarer}
933 3398 1002 3446 ‘And

59 3455 135 3501 which
145 3459 165 3502 it
179 3458 198 3501 is
208 3465 248 3502 not
263 3470 379 3515 necessary
395 3454 519 3515 toexplarn
546 3457 615 3504 while
636 3457 648 3503 1
668 3472 712 3502 was
731 3472 760 3503 cu
800 3457 827 3501 ed
847 3457 872 3502 in
896 3456 1005 3517 ollowing

60 3514 114 3560 here
132 3516 214 3573 (Gaius
231 3516 262 3560 iv.
284 3513 332 3573 81).
370 3514 427 3560 Cort
445 3516 519 3560 writes
547 3515 735 3576 theseprecepu!
786 3472 844 3562 llust
852 3517 928 3562 writes
939 3517 1002 3575 (Cat.

61 3576 171 3633 ‘regnum
180 3574 302 3620 Numidiae
314 3607 319 3620 .
331 3609 337 3620 .
349 3573 519 3634 ,procuratione
547 3573 583 3632 2),
601 3575 662 3620 ‘vita
676 3574 796 3621 hominum
817 3575 864 3622 sina
879 3576 1004 3638 eupiditata

508 3638 559 3696 12
