2302 3864
96 202 155 266 172
362 204 397 266 O.
419 203 621 265 SALLUSTI
643 202 795 268 CRISPI.

97 365 296 445 superioribus
309 365 381 427 locis
395 367 473 426 sessa
486 364 669 426 consederat.
712 362 807 424 Simul
824 382 920 436 orare,
935 360 1046 424 hortari

97 447 206 506 milites
220 468 258 507 ne
273 448 439 521 deficerent,
453 468 514 507 neu
527 452 700 525 paterentur
712 444 808 504 hostis
820 443 966 523 fugientis
987 445 1047 504 vin-

97 547 181 601 cere;
201 549 296 608 neque
310 529 368 588 illis
390 536 485 588 castra
509 548 573 588 esse
594 547 690 606 neque
712 525 932 585 munimentum
954 527 1048 585 ullum

96 629 154 687 quo
178 609 317 669 cedentes
341 610 516 681 tenderent3
537 609 569 667 in
583 608 672 667 armis
693 606 791 666 omnia
812 606 877 665 sita.
922 607 980 667 Sed
994 627 1048 667 nec

96 688 248 767 Jugurtha
270 690 388 769 quidem
411 690 524 750 interea
548 689 667 768 quietus
691 692 772 758 erat;
793 686 958 761 circumire,
982 688 1047 748 hor·

96 770 162 844 tari,
189 791 329 831 renovare
351 771 495 850 proelium
516 775 547 830 et
569 770 632 848 ipse
655 789 724 828 cum
751 767 873 827 delectis
901 774 1048 848 temptare

96 851 203 924 omnia,
217 851 372 943 sulpvenire
392 853 462 926 suis,
485 851 620 911 hostibus
643 849 740 909 dubiis
761 849 881 923 instare,
904 869 980 929 quos
1001 850 1048 909 fir·

96 951 160 991 mos
174 937 351 1008 cognoverat
365 932 479 991 eminus
492 930 652 1010 pugnando
665 931 802 990 retinere.

137 1015 185 1070 52.
207 1012 252 1072 Eo
275 1013 362 1072 modo
385 1013 464 1070 inter
488 1032 520 1071 se
542 1012 601 1071 duo
624 1013 825 1090 imperatores,
848 1010 958 1068 summi
984 1030 1048 1083 vrrs,

96 1092 259 1164 certabant,
279 1093 337 1172 ipsi
358 1112 451 1171 pares,
474 1098 606 1152 ceterum
628 1093 734 1171 opibus
751 1091 926 1169 disparibus.
969 1091 1050 1150 Nam

97 1172 222 1232 Metello
245 1173 339 1233 virtus
360 1173 489 1231 militum
513 1179 585 1246 erat,
608 1173 689 1232 locus
708 1173 857 1243 advorsus,
879 1172 1050 1249 Jugurthae

97 1253 154 1313 alia
167 1254 264 1313 omnia
277 1260 395 1332 praeter
408 1253 518 1313 milites
532 1260 707 1333 opportuna.
749 1252 887 1331 Denique
910 1253 1050 1325 Romani,

98 1334 150 1392 ubi
176 1334 355 1412 intellegunt
382 1355 478 1413 neque
506 1335 562 1393 sibi
589 1335 757 1414 perfugium
784 1354 857 1406 esse,
886 1354 985 1412 neque
1013 1333 1050 1393 a'b

98 1415 184 1474 hoste
198 1416 310 1495 copiam
324 1416 477 1494 pugnandi
490 1415 562 1488 fieri,
576 1421 608 1475 et
624 1415 685 1494 jam
709 1416 756 1474 die
776 1435 881 1493 vesper
905 1420 978 1488 erat,
1001 1415 1050 1474 ad-

98 1516 183 1556 vorso
207 1496 281 1556 colle
303 1497 392 1557 sicuti
415 1502 604 1577 praeceptum
628 1497 725 1555 fuerat
749 1495 887 1555 evadunt.
930 1495 1051 1555 Amisso

98 1577 162 1640 loco
177 1578 326 1638 Numidae
339 1577 401 1636 fusi
422 1577 594 1657 fugatique;
614 1577 701 1656 pauci
722 1576 870 1650 interiere,
893 1576 1051 1656 plerosque

99 1657 237 1719 velocitas
252 1665 283 1719 et
303 1660 385 1737 regio
406 1659 542 1718 hostibus
563 1659 666 1736 ignara
683 1663 782 1717 tutata
804 1662 884 1716 sunt.
928 1657 1052 1717 Interea

100 1739 255 1811 Bomilcar,
270 1761 356 1819 quem
375 1740 539 1819 elephantis
554 1746 584 1799 et
598 1739 674 1818 parti
696 1740 845 1817 copiarum
866 1737 1051 1816 pedestrium

99 1821 281 1899 praesectum
295 1822 331 1881 ab
347 1823 367 1881 J
368 1822 498 1900 ugurtha
512 1841 601 1899 supra
615 1819 815 1893 diximus,'ubi
828 1840 897 1877 eum
915 1819 1051 1878 Rutilius

100 1907 337 1978 praetergressus
351 1908 406 1973 est,
422 1903 562 1981 paulatim
577 1921 646 1960 suos
661 1901 693 1959 in
707 1921 832 1979 aequum
846 1900 945 1958 locum
960 1900 1052 1959 dedu·

101 1980 151 2052 cit,
166 2001 199 2039 ac
214 1982 284 2039 dum
298 1982 414 2059 legatus
428 1983 465 2041 ad
478 1983 589 2042 flumen
611 2002 669 2062 quo
690 1981 869 2060 praemissus
888 1988 953 2039 erat
967 1981 1051 2039 ferti·

100 2080 175 2118 nans
198 2062 303 2140 pergit,
318 2063 445 2140 quietus,
466 2064 513 2121 uti
535 2083 582 2122 res
601 2063 779 2142 postulabat,
801 2061 892 2120 aciem
917 2064 1050 2134 exornat,

100 2160 196 2221 neque
210 2143 337 2202 remittit
352 2143 421 2222 quid
435 2144 544 2222 ubique
559 2144 652 2203 hostis
666 2148 766 2221 ageret
780 2141 940 2220 explorare.
964 2143 1051 2200 Post·

101 2242 188 2300 quam
201 2223 350 2283 Rutilium
364 2223 531 2284 consedisse
539 2224 600 2303 jam
622 2231 652 2283 et
671 2224 768 2282 animo
788 2243 911 2282 vacuum
937 2223 1052 2302 accepit

101 2303 246 2383 simulque
260 2326 295 2363 ex
311 2305 480 2382 Jugurthae
501 2305 611 2384 proelio
630 2305 784 2363 clamorem
805 2303 914 2381 augeri,
937 2304 1052 2362 veritus

101 2403 139 2443 ne
167 2385 282 2463 legatus
310 2386 429 2464 cognita
455 2406 488 2445 re
515 2385 717 2449 laborantibus
745 2385 806 2444 suis
833 2385 942 2443 auxilio
963 2384 1052 2457 foret,

100 2463 201 2539 aciem,
215 2487 303 2544 quam
318 2466 452 2526 diffidens
465 2466 571 2525 virtuti
587 2465 716 2525 militum
738 2472 801 2526 arte
820 2470 975 2538 statuerat,
991 2484 1051 2543 quo

101 2672 121 2717 is
131 2672 419 2732 addressing.-‘dubiis:'
446 2674 498 2718 ‘the
518 2688 560 2718 un·
590 2674 703 2732 ‘ignom’
718 2689 755 2718 sec
765 2688 784 2718 c.
799 2671 833 2729 18,
849 2674 941 2731 ‘ignara
954 2672 1050 2731 lingua·

101 2731 193 2790 steady,’
213 2732 252 2776 the
276 2735 394 2791 restoring,
418 2733 513 2791 oposed
537 2740 560 2776 to
589 2735 706 2790 --‘neque
722 2731 986 2789 remittit—explorare?
1010 2733 1050 2776 Ja-

102 2789 366 2837 ‘firmos.'-‘rctinerc
375 2792 390 2837 :'
421 2747 463 2836 ‘he
479 2790 560 2835 check-
590 2792 642 2835 cobs
654 2790 753 2835 remarks
772 2790 820 2835 that
835 2790 979 2834 ‘remittere'
994 2789 1048 2836 with

101 2849 144 2894 ed.¹
589 2864 618 2893 an
651 2850 764 2894 inlirritive
795 2849 815 2894 is
849 2848 975 2908 altogether
1007 2864 1049 2893 un·

131 2906 166 2953 52.
182 2907 219 2953 dic
228 2908 315 2966 vesper]
347 2906 449 2952 ‘Die'is
459 2907 498 2951 the
508 2922 559 2965 gen.
590 2907 661 2952 usual.

102 2965 182 3024 comp.
193 2981 212 3011 c.
223 2965 259 3020 21,
271 2967 321 3012 ‘die
331 2973 459 3010 extremum
470 2966 533 3011 erat'
619 2966 692 3010 animo
712 2965 814 3025 caculam]
851 2965 900 3009 ‘ht
918 2964 1004 3011 lcisure
1024 2966 1048 3009 in

130 3025 225 3069 advorso
245 3024 436 3077 colle-crodunt]
472 3023 560 3068 ‘Maka
589 3024 626 3070 his
650 3024 730 3069 mind?
762 3025 799 3069 He
824 3025 868 3069 had
893 3024 988 3069 reached
1014 3024 1048 3068 his

103 3083 164 3130 their
172 3098 220 3142 way
233 3099 263 3141 up
280 3084 319 3130 the
329 3083 388 3129 hill·
419 3083 483 3142 They
494 3097 561 3127 move
590 3098 661 3140 camp,
678 3088 717 3142 got
734 3099 789 3128 over
803 3084 839 3128 his
857 3082 994 3137 difficulties,
1005 3083 1048 3127 and

103 3151 143 3187 out
163 3143 189 3186 of
203 3142 262 3188 their
278 3144 374 3202 position
389 3141 456 3200 along
471 3142 515 3186 and
531 3156 561 3200 up
590 3141 627 3186 his
637 3142 702 3186 mind
718 3157 762 3186 was
776 3158 827 3202 easy
843 3142 886 3186 and
904 3142 971 3200 ready
983 3149 1006 3185 to
1016 3147 1048 3185 at·

102 3201 141 3246 the
151 3201 201 3246 hill.
224 3204 230 3224 ‘
241 3202 344 3246 Adverso
352 3200 423 3254 colle,'
434 3216 485 3259 says
496 3199 560 3254 Cort,
591 3201 643 3245 tend
652 3207 674 3244 to
681 3201 746 3246 other
752 3201 871 3260 things-⁶
878 3207 926 3245 arte
934 3200 948 3244 ε’
961 3199 1048 3254 ‘close'

101 3260 120 3304 is
131 3259 169 3305 the
179 3275 240 3305 same
250 3275 273 3305 as
284 3261 320 3304 ‘in
332 3261 451 3304 advorsum
461 3257 559 3304 collem.⁸
591 3259 719 3318 ‘compact'
751 3260 793 3304 See
804 3275 822 3305 c.
834 3259 907 3304 l5.-‘
917 3274 962 3317 quo
976 3260 1050 3303 office·

101 3317 172 3363 Allen
183 3334 297 3377 compares
304 3317 559 3377 Livyii‚5l,“advorso
589 3318 646 3362 ret:'
663 3320 701 3363 ‘in
718 3319 783 3363 order
798 3324 822 3362 to
838 3326 932 3376 prevent
948 3317 1050 3362 Rutilius

100 3374 208 3421 Janiculo
228 3378 255 3421 ad
276 3384 348 3422 castra
366 3377 466 3422 hostium
488 3377 559 3420 aciem
588 3377 647 3421 from
657 3376 787 3435 marching'
800 3383 822 3420 to
833 3375 886 3434 help
894 3375 933 3420 the
941 3376 1049 3430 Romans,

99 3436 198 3489 erexlt;''
209 3437 252 3478 and
262 3434 363 3494 Ltvyal,
372 3450 390 3481 c.
400 3433 435 3489 31,
447 3437 460 3457 “
468 3436 560 3479 adversa
589 3451 613 3480 as
623 3436 652 3480 he
662 3435 702 3480 has
717 3436 775 3489 said,
791 3435 820 3479 he
838 3435 933 3480 extends
950 3434 986 3479 his
1002 3434 1050 3480 line

99 3491 147 3548 ripa
161 3492 289 3548 Rhodani,”
306 3493 385 3552 ‘along
402 3493 440 3537 the
454 3492 525 3538 banks
536 3493 562 3536 of
590 3495 608 3553 (‘
617 3493 685 3540 latius
694 3494 819 3554 porrigit').

98 3548 137 3595 ths
157 3549 247 3606 Rhene,
267 3553 354 3610 against
373 3551 412 3598 the
429 3550 559 3597 stream?-
