2302 3864
429 208 644 271 CATILINA.
968 210 1008 274 97

62 390 129 431 cum
148 369 265 430 infestis
287 370 378 449 signis
393 376 581 444 concurrunt,
595 369 655 449 pila
669 368 821 443 omittunt,
842 370 947 449 gladiis
961 392 1009 435 res

62 451 185 530 geritur.
237 452 380 512 Veterani
404 451 547 532 pristinae
570 451 689 510 virtutis
711 472 853 511 memores
875 453 1009 515 cominus

63 531 172 593 acriter
198 532 328 604 instare3
348 532 391 591 illi
415 532 493 591 haud
515 531 611 591 timidi
636 531 790 605 resistunt,
815 553 951 593 maxuma
976 535 1007 594 vi

63 619 203 673 certatur.
245 615 366 673 Interea
381 612 509 673 Catilina
522 633 588 672 cum
612 613 755 692 expeditis
776 613 807 672 in
829 615 924 693 prims
943 615 1007 677 acie

62 695 181 769 versari,
195 693 398 754 laborantibus
413 714 591 767 succurrere,
606 692 737 772 integros
758 714 812 773 pro
835 695 941 755 sauciis
963 716 1008 756 ar·

62 795 185 849 cessere,
207 775 305 835 omnia
328 774 489 854 providere,
512 774 637 834 multum
662 774 724 853 ipse
751 795 891 854 pugnare,
920 796 1006 856 saepe

62 855 177 916 hostem
192 857 295 927 ferire3
317 855 429 915 strenui
445 854 546 915 militis
567 862 599 914 et
618 855 688 914 boni
708 855 892 934 imperatoris
913 857 1007 918 officis

63 937 151 996 simul
165 937 386 1016 exsequebatur.
429 936 564 996 Petreius
588 935 640 995 ubi
664 935 743 995 ridet
761 937 917 997 Catilinam
938 957 1006 998 con-

61 1021 110 1076 tra
123 1037 157 1077 ac
170 1023 253 1077 ratus
267 1024 330 1077 erat
350 1037 455 1095 magna
468 1016 497 1075 vi
509 1016 639 1089 tendere,
660 1017 810 1077 cohortem
830 1019 1005 1097 praetoriam

61 1098 95 1156 in
109 1097 219 1158 medios
233 1099 326 1158 hostis
345 1098 468 1169 inducit,
489 1118 596 1176 eosque
615 1098 804 1177 perturbatos
824 1106 912 1178 atque
932 1099 1005 1160 slics

62 1179 132 1238 alibi
145 1179 317 1240 resistentes
332 1179 491 1251 interficit;
512 1178 616 1238 deinde
637 1180 785 1257 utrimque
807 1200 842 1238 ex
864 1179 1005 1240 lateribus

62 1264 175 1320 ceteros
202 1261 381 1339 aggreditur.
424 1259 556 1318 Manlius
583 1266 614 1319 et
641 1261 823 1320 Faesulanus
850 1260 1006 1340 inprimis

61 1346 229 1420 pugnantes
253 1342 371 1401 cadunt.
413 1341 573 1419 Postquam
596 1340 676 1400 fusas
701 1341 798 1419 copias
822 1361 910 1420 seque
937 1363 1005 1401 cum

61 1421 163 1501 paucis
176 1422 311 1482 relictum
326 1421 405 1480 videt
421 1421 556 1493 Catilina,
571 1441 682 1480 memor
701 1421 816 1499 generis
830 1429 918 1500 atque
932 1423 1004 1501 pris·

60 1502 142 1562 tinae
166 1523 236 1562 suae
258 1502 411 1582 dignitatis
435 1502 467 1561 in
491 1502 731 1561 confertissumos
754 1501 847 1577 hostis
870 1503 1004 1576 incurrit,

60 1583 160 1662 ibique
174 1604 309 1663 pugnans
323 1583 499 1643 confoditur.
657 1646 661 1652 ,

102 1668 151 1724 61.
173 1665 230 1724 Sed
251 1664 384 1724 confecto
405 1664 524 1744 proelis,
546 1668 609 1723 tum
637 1681 706 1721 rero
733 1682 866 1722 cerneres
893 1668 1005 1742 quanta

61 1745 182 1805 audacia
196 1751 362 1824 quantaque
375 1745 419 1804 ris
433 1744 524 1804 animi
536 1744 642 1804 fuisset
655 1742 687 1801 in
701 1743 831 1803 exercitu
848 1744 1002 1804 Catilinae.

61 1826 140 1886 Nam
154 1825 224 1899 fere,
239 1847 325 1906 quem
339 1826 461 1905 quisque
475 1826 557 1885 vivus
577 1824 735 1904 pugnando
754 1825 851 1883 locum
874 1828 1000 1903 ceperat,

60 1927 128 1967 eum
143 1907 249 1966 amissa
262 1906 359 1966 anima
377 1927 497 1986 corpore
517 1907 646 1984 tegebat.
690 1905 780 1965 Pauci
800 1912 908 1979 autem,
929 1925 1002 1985 quos

60 1987 173 2047 medios
195 1987 297 2058 cohors
341 1987 465 2047 raetoria
489 1985 650 2067 disjecerat,
672 1985 758 2067 paulo
779 1986 930 2058 diversius,
952 1985 1004 2046 sed

60 2088 164 2128 omnes
178 2073 278 2128 tamen
300 2008 430 2128 advorsis
450 2068 618 2128 volneribus
637 2067 833 2127 conciderant.
876 2067 1003 2127 Catilina

59 2169 128 2209 vero
152 2150 239 2227 longe
263 2170 280 2208 a
303 2149 364 2208 suis
384 2149 463 2208 inter
484 2149 612 2209 hostium
635 2150 773 2208 cadavera
794 2155 929 2226 repertus
956 2153 1003 2208 est

59 2231 210 2310 paululum
225 2231 313 2290 etiam
329 2229 442 2309 spirans
455 2229 649 2310 ferociamque
663 2228 752 2289 animi
763 2249 848 2308 quam
860 2229 1002 2289 habuerat

58 2311 141 2371 vivus
155 2311 186 2370 in
200 2313 283 2371 voltu
296 2311 437 2371 retinens.
480 2312 632 2370 Postremo
646 2331 681 2370 ex
703 2309 782 2370 omni
802 2310 884 2389 copia
903 2330 999 2389 neque

58 2390 91 2452 in
104 2393 214 2471 proelio
228 2413 324 2472 neque
337 2392 369 2451 in
383 2391 453 2470 fuga
467 2391 619 2472 quisquam
640 2391 710 2451 civis
729 2391 877 2470 ingenuus
898 2399 1002 2472 captus

57 2555 109 2616 pilis
133 2559 261 2604 comminus
300 2557 368 2604 lsdiis
395 2564 517 2618 pugnatum
575 2556 756 2617 Thc‘praetoris
765 2556 885 2602 cohors'is
895 2555 933 2603 the
943 2557 1003 2616 body

56 2615 114 2670 cst,''
135 2616 178 2659 and
197 2616 247 2672 (vii.
265 2573 302 2675 881
321 2617 413 2662 “nostri
428 2617 516 2662 omissis
544 2617 613 2676 guard
622 2617 648 2661 of
654 2616 692 2661 tha
702 2616 872 2672 commandens
881 2631 943 2674 corps
954 2616 1003 2661 that

55 2673 107 2734 pilis
116 2673 196 2732 gladiis
206 2690 253 2720 rem
258 2676 366 2779 ‘gerunt'⁸
544 2689 588 2720 was
598 2677 667 2720 about
677 2675 712 2721 his
721 2689 807 2733 person.

86 2737 163 2776 contra
178 2733 213 2792 cc]
242 2738 247 2757 ‘
279 2741 369 2794 outrary
386 2741 410 2780 tc
424 2734 460 2779 his
477 2749 516 2779 ex·
573 2733 609 2779 61.
631 2734 738 2790 cemcrea]
776 2733 840 2778 ‘One
855 2732 929 2791 might
944 2731 1001 2777 have

55 2791 183 2894 pectation?
214 2792 296 2837 Caesar
316 2792 354 2853 (B.
377 2793 405 2839 G.
426 2793 455 2838 iv.
475 2791 514 2850 13)
544 2792 611 2839 secu?
642 2790 953 2851 Compare‘discemercs’c.
965 2789 1000 2836 21.

73 2864 97 2893 as
117 2850 209 2894 ‘contra
227 2851 310 2909 atque?
346 2851 395 2897 The
415 2851 515 2897 Romans
573 2850 673 2896 Pasoi-
691 2865 728 2894 soa
752 2851 844 2908 medios]
891 2850 926 2893 ‘A
951 2849 1002 2903 few,

55 2907 104 2952 also
114 2913 183 2953 wrote
200 2910 290 2953 ‘contra
303 2910 384 2969 qusm,¹
400 2925 423 2956 ss
434 2910 514 2956 Cicero
543 2909 618 2954 whom
629 2909 667 2955 the
675 2865 791 2954 fracturis
806 2907 884 2954 cohors
898 2907 943 2953 had
957 2906 1003 2951 dis·

55 2967 110 3010 does
127 2965 173 3024 (pro
192 2966 295 3020 Caecius,
311 2983 329 3013 c.
344 2967 427 3027 24).-‘
435 2984 515 3045 magus
543 2967 622 3027 lodged
633 2968 691 3012 from
703 2966 761 3013 their
771 2967 832 3027 place
843 2968 867 3011 in
877 2966 915 3011 tbe
926 2970 1002 3010 cenare

55 3025 79 3069 vi
97 3026 189 3070 tendere
199 3025 213 3070 ε’
230 3027 348 3085 ‘resistiug
360 3027 454 3072 furiousl
471 3057 515 3073 .-
545 3027 660 3086 (medios),
670 3026 714 3072 had
730 3025 799 3071 fallen
815 3024 936 3070 somewhst
946 3030 1002 3067 scat·

56 3082 128 3128 ‘alios
138 3083 192 3128 alibi
202 3084 216 3129 τ’
228 3083 266 3129 the
274 3091 349 3129 centre
418 3043 514 3132 oszti·
542 3085 622 3131 tered’
649 3084 732 3144 (paullo
758 3083 885 3140 diversius).
932 3081 1002 3127 Their

55 3140 122 3186 liua's
137 3157 201 3201 army
216 3157 261 3187 was
278 3091 415 3203 dividcduhty
429 3144 468 3191 the
481 3151 514 3190 st·
542 3145 620 3191 bodies
640 3143 677 3201 lsy
698 3143 816 3196 ‘divorsa'
838 3143 875 3186 'in
895 3141 1002 3186 different

55 3201 108 3244 tsck
126 3203 152 3245 of
166 3202 205 3247 the
222 3202 315 3246 ‘cohors
331 3202 454 3261 praetoris,’
470 3204 514 3248 aad
543 3203 616 3264 ports*
628 3203 654 3247 of
661 3203 698 3248 the
710 3201 770 3257 field,
784 3201 893 3246 ‘divorsis
903 3198 1003 3243 locis*-

55 3272 101 3303 was
111 3274 141 3303 no
151 3258 229 3318 longer
242 3260 337 3319 fighting
351 3262 374 3305 in
390 3260 429 3307 the
439 3261 515 3318 rsnks,
544 3261 654 3307 ‘advorsis
665 3259 814 3306 volneribus?
830 3259 890 3304 their
899 3257 1003 3303 ‘wouuds

56 3317 99 3361 but
123 3318 209 3363 broken
234 3320 278 3364 aud
299 3319 408 3364 scattered
433 3318 516 3378 (‘slios
544 3319 655 3366 infront’
685 3319 819 3376 Seedug.c.
832 3317 865 3362 85.

55 3374 111 3420 alibi
119 3376 146 3433 ').
177 3376 268 3480 Having
281 3377 366 3423 broken
381 3377 419 3423 the
433 3384 516 3434 centra,
573 3392 600 3423 aa
616 3379 676 3423 omri
692 3377 766 3436 copia]
795 3375 838 3421 See
854 3390 872 3420 c.
888 3375 1003 3421 ,δᾶ-(ἰη-

56 3433 160 3479 Petreius
170 3434 224 3482 then
235 3438 256 3482 fe
266 3435 274 3480 l
286 3452 315 3481 on
329 3436 368 3482 the
384 3442 428 3480 two
444 3436 517 3482 llanks
545 3451 630 3495 genuus
640 3438 654 3482 :⁸
674 3436 801 3481 ‘free-born
815 3433 910 3480 citizen*
941 3435 956 3456 “
965 3433 1004 3479 In·

55 3493 130 3538 which
140 3508 198 3539 were
211 3496 307 3554 exposed
322 3497 353 3556 by
370 3494 408 3541 the
417 3495 517 3542 dsstmc·
545 3496 612 3555 genui
637 3501 690 3540 suut
715 3494 754 3552 qui
778 3492 845 3540 liberi
864 3494 912 3540 usti
932 3493 1004 3540 sunt''

54 3552 104 3597 tion
114 3552 141 3598 of
147 3551 186 3600 the
196 3562 278 3600 centra
547 3553 636 3613 rusus,
646 3553 660 3599 i.
672 3552 685 3611 ἓ
696 3551 743 3613 11).

833 3632 867 3674 Ἦ.
