2302 3864
319 208 322 222 ’
407 223 651 286 Juaunrna
941 229 1000 288 211

58 385 222 465 opulenter,
236 406 332 465 neque
345 385 466 464 gloriam
487 406 590 459 meam,
607 385 735 446 laborem
751 385 868 447 illorum
887 386 1000 447 faciam.

58 467 128 526 Hoc
142 473 188 526 est
202 467 284 541 utile,
299 467 354 527 hoe
368 467 452 526 civile
465 467 628 545 imperium.
669 468 806 546 Namque
820 488 909 546 quum
932 475 1001 527 tute

57 568 111 627 per
133 548 284 608 mollitiem
306 569 386 626 agas,
408 548 568 607 exercitum
593 548 735 626 supplicio
763 568 874 626 cogere,
900 549 930 608 id
955 556 1001 609 est

59 628 218 703 dominum,
232 649 293 688 non
308 629 513 707 imperatorem
527 633 599 687 etse.
641 629 726 688 Haec
743 634 832 709 atque
851 630 923 689 talia
942 651 1001 690 ma·

55 709 136 790 jores
149 709 242 769 vostri
254 709 391 769 faciundo
406 730 495 789 seque
506 729 625 787 remque
645 709 790 788 publicam
810 711 999 770 celebravere.

60 790 135 865 Quis
157 790 296 850 nobilitas
316 790 393 849 freta
410 789 636 870 ipsadissimilis
659 790 789 850 moribus
809 811 863 850 nos
883 791 1000 851 illorum

59 871 189 930 aemulos
203 871 375 942 contemnit,
390 876 421 931 et
435 871 530 930 omnis
544 870 669 930 honores
683 891 743 930 non
757 891 793 930 ex
812 873 926 944 merito,
948 873 1000 932 sed

60 951 143 1030 quasi
165 951 279 1011 debitos
293 951 404 1011 evobis
424 952 543 1031 repetit.
586 951 725 1011 Ceterum
747 952 879 1012 homines
898 972 1000 1032 super·

59 1033 183 1091 bissumi
196 1033 297 1111 procul
310 1039 417 1091 errant.
459 1032 589 1113 Majores
603 1053 704 1092 eorum
724 1033 821 1092 omnia
840 1054 914 1113 quae
934 1034 1000 1094 lice·

59 1112 182 1172 batillis
196 1112 347 1192 reliquere,
361 1113 485 1187 divitias,
499 1113 650 1191 imagines,
665 1113 830 1173 memoriam
853 1115 898 1174 sui
918 1135 1000 1194 prae·

59 1194 184 1266 claram;
203 1194 342 1253 virtutem
356 1214 417 1253 non
430 1194 582 1273 reliquere,
602 1214 698 1273 neque
717 1200 870 1272 poterant3
892 1216 926 1254 ee
940 1196 1002 1256 sola

60 1294 156 1352 neque
170 1274 257 1333 datur
270 1274 346 1334 dono
359 1295 455 1353 neque
468 1274 617 1353 accipitur.
659 1275 814 1334 Sordidum
833 1297 881 1336 me
904 1283 934 1336 et
957 1276 1001 1337 in·

59 1354 149 1414 cultis
163 1354 292 1414 moribus
306 1356 399 1430 aiunt,
413 1355 481 1435 quia
494 1376 596 1435 parum
612 1355 685 1437 scite
699 1356 862 1416 convivium
882 1377 1003 1431 exorno,

59 1456 156 1514 neque
169 1435 342 1496 histrionem
357 1436 448 1496 ullum
462 1456 558 1515 neque
572 1436 665 1515 pluris
677 1437 756 1515 preti
775 1456 898 1515 coquum
914 1459 1002 1517 quam

59 1517 187 1577 villicum
215 1517 317 1577 habeo.
369 1517 452 1592 Quae
480 1517 551 1575 mihi
578 1517 660 1576 lubet
687 1518 829 1592 confiteri,
843 1532 845 1537 ·
859 1519 1003 1594 Quirites.

60 1598 92 1656 N
93 1618 139 1656 em
153 1619 189 1660 ex
202 1604 325 1678 parente
339 1618 404 1656 meo
426 1603 457 1658 et
480 1617 515 1656 ex
537 1597 601 1656 aliis
623 1598 733 1658 sanctis
753 1598 822 1658 viris
842 1599 884 1659 ita
904 1599 1002 1679 accepi

60 1678 220 1738 munditias
235 1678 413 1750 mulieribus,
434 1678 503 1737 viris
521 1678 650 1737 laborem
669 1680 832 1753 convenire,
854 1680 1001 1740 omnibus·

60 1779 118 1836 que
140 1759 226 1818 bonis
247 1766 383 1837 oportere
405 1758 472 1837 plus
496 1758 603 1836 gloriae
625 1779 712 1837 quam
733 1760 899 1820 divitiarum
921 1781 1004 1835 esse;

61 1859 149 1911 arma,
164 1859 225 1898 non
247 1838 477 1919 suppellectilem
499 1839 596 1899 decori
617 1860 689 1899 esse.
732 1841 813 1916 Quin
834 1862 903 1920 ergo
923 1842 1005 1921 quod.

57 1919 151 1999 juvat,
166 1919 244 1998 quod
258 1940 357 1979 carum
378 1924 553 1993 aestumant,
567 1919 598 1979 id
612 1940 726 2000 semper
745 1921 871 1993 iaciant3
893 1928 1004 1997 ament,

60 2005 185 2079 potent3
205 2000 257 2058 ubi
270 2000 498 2060 adulescentiam
512 2001 648 2074 habuere,
659 2002 699 2061 ibi
709 2010 892 2062 senectutem
903 2011 1002 2082 agant,

61 2083 93 2140 in
107 2080 254 2152 conviviis,
270 2081 361 2140 dediti
381 2082 478 2140 ventri
492 2088 523 2141 et
536 2082 734 2161 turpissumae
752 2084 830 2162 parti
853 2085 1004 2164 corporis3

62 2162 207 2236 sudorem,
222 2162 370 2242 pulverem
384 2169 415 2224 et
429 2162 484 2223 alia
502 2163 572 2223 talia
592 2163 761 2243 relinquant
782 2165 875 2240 nobis,
896 2166 1003 2246 quibus

91 2330 296 2391 eicileimperiam]
329 2333 351 2376 h
366 2331 467 2391 military
480 2347 520 2377 au·
552 2331 641 2379 ‘actem'
672 2332 930 2395 Astovsluiugacoolr
940 2351 1004 2384 mors

63 2388 520 2450 thorityexercisedbyamanwhodoes
549 2390 603 2436 thau
630 2405 643 2434 a
668 2392 725 2436 sarm
750 2391 825 2438 bailiff
848 2394 1003 2498 (⁶rillicus'g,
1069 2448 1078 2460 Ι

63 2454 104 2493 not
121 2449 193 2508 forget
208 2449 259 2495 that
273 2449 302 2495 he
319 2450 337 2494 is
352 2464 366 2494 a
380 2450 519 2502 citimn,nor
548 2449 611 2495 there
625 2450 725 2509 isapsss
753 2452 804 2496 ein
819 2452 877 2511 Livy
894 2453 967 2510 (dite.
994 2455 1003 2513 l

63 2506 113 2552 that
122 2507 151 2553 he
161 2508 291 2553 commando
300 2509 399 2553 citizens.
421 2508 452 2552 So
460 2507 519 2566 Livy
549 2508 631 2576 quoted
643 2508 671 2567 by
684 2465 774 2565 Juniis,
791 2511 805 2532 “
814 2518 864 2558 tum
879 2527 952 2567 cocus,
968 2514 1003 2558 vi·

65 2565 110 2621 (rt,
120 2581 138 2611 c.
151 2566 192 2624 42)
208 2567 289 2626 quoted
300 2567 330 2626 by
344 2567 410 2611 Kritz
418 2565 458 2611 hes
474 2567 519 2610 ‘ci-
548 2566 660 2611 lrssiurum
684 2568 783 2626 antiquis
812 2571 951 2628 mancipium
980 2577 1003 2619 et

64 2623 117 2668 vilis
133 2626 237 2681 animus*
254 2626 298 2670 aud
316 2630 402 2670 ‘sermo
422 2621 518 2679 civilis;’
548 2625 702 2670 aestimatione
718 2633 741 2670 et
757 2640 807 2682 usu,
825 2628 849 2673 in
864 2630 935 2688 pretio
948 2643 1003 2686 esse,

64 2682 108 2726 and
124 2682 214 2728 Tacitus
229 2683 301 2740 (Anu.
313 2685 327 2728 i.
339 2683 365 2740 8)
376 2683 416 2728 has
430 2682 520 2728 ‘civilis
548 2689 572 2727 et
582 2684 640 2752 qnod
651 2684 804 2732 ministerium
818 2686 899 2740 fuerat,
915 2701 950 2732 ars
963 2687 1002 2732 ha-

64 2741 159 2796 modus,'
176 2742 220 2787 and
240 2741 305 2788 other
323 2741 371 2788 like
395 2755 473 2801 usages
497 2741 523 2785 ol
549 2741 705 2801 bencoepu.”

65 2798 169 2844 ‘civilia'
577 2800 669 2877 sarmul
697 2801 768 2846 ‘Men
785 2801 811 2846 of
828 2801 941 2848 character
959 2802 1004 2851 and

93 2857 158 2902 idest
166 2857 288 2916 mamam]
317 2857 374 2903 Com
403 2858 469 2904 reJu
484 2872 520 2903 .c.
549 2858 663 2916 integrity,
689 2858 764 2905 whose
783 2861 868 2905 virtues
885 2862 1004 2908 command

64 2915 344 2983 31,‘idestregemesse.'
382 2873 521 2963 allustolten
550 2923 641 2974 respect
673 2916 722 2963 The
742 2918 836 2978 original
856 2923 961 2980 meaning
980 2920 1007 2965 of

64 2989 115 3020 uses
126 2973 164 3018 the
174 2989 275 3033 pronoun
287 2974 332 3020 ‘is'
345 2974 403 3021 thus.
551 2974 667 3020 ‘sanctus'
678 2976 697 3020 is
707 2976 800 3036 perhaps
811 2979 817 2999 ‘
838 2978 929 3022 ure.'-‘
937 2993 1004 3024 mun·

93 3031 234 3086 celebravere]
277 3032 361 3078 ‘Made
384 3033 472 3078 famous
496 3047 522 3078 or
550 3034 617 3079 ditias
625 3033 640 3079 :'
652 3033 779 3079 ‘deliracies
788 2991 838 3080 and
842 3036 1003 3093 retinements3'

64 3093 148 3137 known
159 3098 182 3135 to
192 3091 250 3136 fame
257 3090 272 3146 ;'
287 3089 335 3136 lilre
345 3095 351 3113 ‘
360 3090 485 3137 celebrare’
496 3093 520 3136 in
550 3093 590 3137 but
601 3094 619 3136 it
629 3093 648 3137 is
658 3107 671 3136 a
681 3092 736 3137 hard
745 3096 802 3136 word
812 3099 835 3138 to
843 3094 933 3153 explain
943 3095 1003 3142 here.

65 3149 145 3205 ott„
461 3168 463 3172 ³
550 3151 639 3196 Horace
648 3149 688 3195 has
699 3150 782 3209 (Csrm.
792 3151 840 3205 id)
850 3154 868 3198 it
878 3153 1005 3200 inabetter

95 3205 248 3267 Quis-freto]
288 3205 344 3253 ‘Rel
360 3207 399 3265 ing
415 3221 445 3252 ou
460 3205 520 3262 this:
549 3223 619 3254 sense.
650 3208 736 3254 Sallust
755 3207 795 3254 has
814 3211 919 3256 ‘urbanis
938 3227 1004 3258 mun·

65 3282 95 3311 on
113 3267 152 3313 the
170 3273 231 3326 great
248 3266 315 3312 deeds
331 3222 360 3310 ol
371 3265 430 3310 their
445 3279 520 3310 ances-
549 3267 655 3321 ditiiu'c.
667 3266 702 3311 63.

65 3332 117 3370 tors.
578 3329 657 3380 ament,
667 3324 751 3384 potent]
784 3324 840 3371 Com
858 3326 925 3373 .Cat.
938 3343 956 3374 c.
970 3327 1003 3375 ll.

94 3383 224 3443 Sordidum]
253 3380 402 3436 ‘Clownisb,'
417 3381 521 3436 ‘cosrse,'
538 3383 692 3429 .-‘ubi-ibi
698 3383 712 3428 :'
724 3384 761 3428 ‘in
768 3382 829 3430 what
835 3341 950 3444 tleyhave
958 3401 1005 3433 em·

66 3456 92 3486 or
109 3444 236 3501 something
255 3442 281 3486 of
297 3441 335 3487 the
355 3440 521 3486 lind-‘con-
550 3440 631 3501 ployed
642 3441 701 3486 their
710 3441 789 3500 youth,
799 3443 824 3490 in
838 3444 887 3490 that
899 3443 932 3492 let
941 3445 1004 3494 thom

66 3501 153 3545 virium
172 3500 280 3547 exorno?
307 3502 415 3558 ‘arrange
434 3514 448 3544 a
467 3498 521 3543 ban·
549 3501 618 3558 spond
628 3499 687 3546 their
695 3501 750 3560 age?

66 3559 173 3618 quet'-‘
178 3559 310 3606 histrionem
319 3559 334 3604 :'
349 3559 377 3602 ‘a
388 3557 480 3618 player'
495 3571 521 3603 or

505 3621 561 3679 1³2
