2302 3864
419 182 637 245 CATILINA.
966 182 1006 245 47

51 347 84 407 in
107 345 249 427 populum
274 345 442 406 Romanum
465 349 574 419 essent,
598 344 715 424 perdita
736 366 769 405 re
791 344 910 425 publica
931 365 1006 425 opus

55 448 130 501 esse,
145 448 237 506 quum
253 447 315 486 earn
331 432 461 486 servaret
475 427 520 486 M.
535 426 649 486 Tullius
662 426 825 506 inquilinus
839 427 909 487 civis
924 427 1006 487 urbis

56 510 180 569 Romae.
223 508 273 568 Ad
288 508 343 568 hoc
357 507 511 566 maledicta
525 507 582 568 aha
595 528 686 587 quum
695 507 825 582 adderet,
837 508 1007 586 obstrepere

59 610 171 661 omnes,
186 589 300 649 hostem
316 595 405 668 etque
419 587 592 667 parricidam
612 608 723 648 vocare.
765 589 842 648 Tum
861 589 911 648 ille
931 589 1005 648 furi-

54 670 173 731 bundus
186 695 192 729 :
209 674 226 701 “
237 669 499 749 quoniamquidem
510 669 756 742 circumventus,”
766 669 871 748 inquit,
883 675 899 702 “
906 669 943 730 ab
952 671 1007 730 ini·

57 751 141 811 micis
156 771 295 831 praeceps
307 771 386 828 agor,
400 749 569 809 incendium
584 770 680 809 meum
694 749 780 809 ruina
793 752 1004 829 restinguam.”

95 836 145 892 32.
166 830 246 891 Dein
271 851 303 891 se
330 852 366 891 ex
393 831 474 890 curia
498 830 617 890 domum
644 831 799 911 proripuit.
841 832 891 891 Ibi
912 833 1006 892 mults

61 932 159 973 secum
175 912 239 991 ipse
253 912 380 982 volvens,
395 911 474 989 quod
488 931 584 990 neque
597 911 720 971 insidiae
737 913 851 971 consuli
871 912 1006 991 procede·

54 993 137 1066 bant,
151 998 183 1052 et
197 993 233 1052 ab
247 992 383 1053 incendio
403 990 595 1071 intellegebat
612 992 715 1052 urbem
731 993 837 1071 vigiliis
850 994 1004 1066 munitam,

55 1079 210 1154 optumum
224 1074 304 1134 factu
318 1073 440 1133 credens
454 1072 616 1132 exercitum
630 1093 746 1152 augere,
761 1094 795 1133 ac
814 1074 896 1153 prius
917 1095 1005 1153 qnam

54 1154 187 1234 legiones
203 1155 402 1215 scriberentur
418 1153 539 1232 [multa]
555 1160 728 1234 antecapere
748 1175 822 1234 quae
842 1155 918 1215 bello
937 1156 1006 1215 usui

56 1234 164 1309 forent,
178 1241 266 1295 nocte
280 1236 459 1314 intempesta
473 1255 539 1294 cum
560 1235 661 1314 paucis
681 1235 714 1294 in
735 1236 889 1295 Manliana
910 1243 1007 1296 cestra

56 1317 208 1396 profectus
227 1322 282 1376 est.
325 1315 382 1376 Sed
406 1315 539 1394 Cethego
561 1321 649 1395 atque
679 1317 808 1376 Lentulo
833 1317 1005 1396 ceterisque,

57 1417 182 1477 quorum
196 1402 373 1475 cognoverat
390 1404 556 1536 promptam
578 1397 737 1468 audaciam,
759 1397 880 1456 mandat
899 1399 1007 1476 quibus

56 1478 146 1539 rebus
159 1483 282 1557 possent
299 1499 369 1557 opes
402 1478 526 1538 actionis
547 1479 730 1550 confirment,
750 1478 871 1537 insidias
893 1478 1007 1539 consuli
1025 1517 1028 1526 ·

57 1564 216 1631 maturent,
231 1559 358 1632 caedem,
369 1554 508 1618 'incendia
521 1558 635 1638 aliaque
648 1559 717 1618 belli
731 1559 862 1619 facinora
881 1566 1004 1639 parent3

57 1659 122 1699 sese
137 1639 306 1720 propediem
328 1660 395 1699 cum
416 1660 522 1718 magno
544 1639 675 1698 exercitu
695 1639 732 1698 ad
753 1639 855 1699 urbem
876 1660 1008 1702 accessu·

57 1741 133 1780 rum.
176 1721 259 1781 Dum
283 1721 354 1781 haec
376 1721 489 1780 Romam
511 1726 666 1798 geruntur,
691 1719 724 1780 O.
747 1720 881 1783 Manlius
895 1741 931 1781 ex
953 1741 1007 1781 suo

57 1821 182 1861 numero
195 1801 309 1879 legatos
323 1801 360 1861 ad
374 1801 522 1862 Marcium
536 1801 649 1879 Regem
663 1801 759 1861 mittit
776 1821 841 1863 curn
862 1800 1008 1863 mandatis

55 1881 268 1961 hujuscemodi.

96 1967 146 2023 33.
168 1963 278 2022 “Deos
292 1961 485 2042 hominesque
497 1966 652 2035 testemur,
666 1961 835 2042 imperator,
851 1983 907 2023 nos
927 1982 1009 2023 arms

56 2128 112 2174 with
126 2134 212 2206 respect
227 2134 250 2173 to
265 2129 290 2184 it,
306 2129 351 2173 end
366 2128 395 2175 he
409 2144 454 2174 was
469 2130 518 2175 ‘iu·
548 2127 587 2175 the
603 2128 669 2189 night
684 2129 711 2174 oi'
724 2128 763 2174 the
778 2127 817 2174 tth
828 2129 855 2173 ol'
870 2128 1008 2181 November.

57 2187 158 2247 quilinus
186 2202 234 2232 asa
247 2187 325 2232 settler
334 2195 358 2232 at
368 2188 447 2234 Rome.
479 2189 518 2233 Au
548 2188 587 2234 the
597 2189 640 2247 dsy
650 2203 679 2233 on
694 2188 769 2233 which
780 2188 818 2233 the
834 2189 883 2234 first
898 2189 977 2246 speech
988 2190 1013 2234 of

57 2245 212 2306 ‘inquilinus'
227 2260 272 2291 was
284 2261 327 2292 oue
338 2245 387 2291 who
398 2246 459 2292 lived
472 2247 520 2292 ina
549 2247 684 2292 Cicerones
699 2245 820 2292 delivered.
852 2246 890 2292 On
905 2247 944 2293 the
955 2256 1010 2294 next

56 2303 121 2350 hired
139 2304 215 2350 house.
248 2305 270 2349 A
285 2304 407 2350 ‘colonus'
421 2320 519 2351 wasone
548 2306 592 2364 day
617 2305 696 2351 Cicero
721 2304 835 2350 delivered
866 2305 942 2351 before
970 2306 1009 2353 the

57 2362 108 2408 who
125 2362 248 2419 cultivated
266 2363 330 2409 hired
346 2363 407 2418 land,
426 2378 452 2408 or
468 2364 519 2408 who
548 2363 628 2433 people
653 2364 689 2409 his
714 2364 796 2409 second
820 2364 900 2423 speech
924 2366 1010 2423 against

57 2420 181 2468 cultivated
199 2421 238 2466 the
255 2420 309 2467 laud
327 2422 354 2467 oi
367 2422 462 2467 another
474 2423 519 2468 nnd
549 2422 657 2476 Catilina,
675 2422 701 2467 oi
715 2422 791 2467 which
811 2421 839 2466 he
859 2422 911 2468 thus
931 2424 1010 2483 speaks

56 2480 109 2539 paid
119 2486 168 2540 part
179 2481 205 2525 ol
212 2479 251 2524 the
260 2481 358 2540 produce
368 2495 392 2526 as
401 2488 459 2526 rent.
547 2480 615 2526 when
635 2481 663 2526 he
683 2482 702 2526 is
722 2481 880 2540 enumerating
896 2481 933 2526 his
949 2484 1011 2528 ‘ors·

82 2538 236 2597 parricidam]
273 2539 316 2584 See
337 2554 354 2586 c.
378 2537 519 2598 14.—‘prce-
549 2541 622 2584 tiones
636 2538 786 2584 consulares?
808 2541 932 2598 “Septima
953 2541 1009 2599 (est)

57 2611 109 2700 §seps
119 2597 194 2700 apppz:
210 2597 303 2642 ‘driven
321 2608 350 2700 tp¹
361 2598 518 2701 deppcraction?
548 2612 593 2700 {up
608 2597 732 2702 llatidlinsm
743 2598 825 2701 lemisit
841 2606 925 2702 optpiva
941 2614 1010 2659 quam

69 2670 445 2782 pinttnlftlill“silita
457 2670 520 2760 tit
550 2670 651 2760 stit
670 2671 1010 2774 tttttttttttq-tt

68 2785 106 2816 rna
123 2772 171 2817 sard
189 2772 234 2817 this
249 2774 317 2818 afew
328 2775 383 2833 days
394 2772 470 2818 before
481 2772 520 2818 the
550 2779 628 2818 tarent
637 2772 652 2819 :’
678 2774 736 2818 ‘ut'
757 2789 810 2831 may
831 2776 859 2820 bs
879 2776 934 2820 used
954 2774 1012 2820 with*

57 2829 108 2875 alst
117 2830 143 2874 of
153 2831 303 2884 Omnbus-‘⁴
311 2847 382 2891 quum
400 2832 461 2877 idem
479 2830 520 2877 ille
550 2831 695 2877 ‘maturent’
706 2847 731 2877 or
741 2833 845 2878 omitted.
869 2832 1009 2878 ‘lilandere’

57 2888 180 2948 (Catilina)
190 2890 268 2948 paucis
275 2891 354 2935 diebus
365 2898 417 2936 ante
427 2888 518 2945 catoni,
547 2905 626 2936 means
636 2893 642 2913 ‘
651 2898 675 2935 to
685 2892 736 2950 give
746 2891 907 2936 instructions'
919 2892 937 2949 (‘
946 2906 1010 2936 man-

56 2948 180 2993 fortissimo
197 2948 254 3001 viro,
270 2949 382 3007 judicium
400 2949 517 2994 minitanti
548 2948 629 3006 data').
671 2949 775 3005 ‘Quibus
801 2950 866 2994 rebus
894 2956 984 3008 possent
993 2949 1008 2995 :’

56 3021 82 3052 ac
92 3005 240 3052 denuncienti
253 3008 409 3065 respondisset,
425 3007 519 3066 siquod
548 3007 604 3053 euch
621 3022 635 3052 a
651 3007 711 3053 i'onn
726 3009 752 3053 of
765 3008 893 3068 expression
909 3008 928 3052 is
948 3008 1010 3054 often

57 3071 116 3111 esset
141 3065 166 3110 in
191 3079 243 3109 sues
268 3065 368 3110 fortunas
388 3066 520 3112 incendium
549 3064 628 3125 placed
638 3067 742 3112 between
756 3073 801 3112 two
815 3073 876 3126 parts
892 3065 918 3110 oi
932 3080 946 3111 a
960 3081 1010 3112 sen·

57 3125 191 3178 cxcitatum,
206 3123 229 3166 id
245 3137 269 3168 se
283 3137 329 3168 nou
339 3137 397 3183 aqua
407 3125 444 3170 sed
455 3125 521 3172 ruine
549 3131 621 3170 tence.

57 3180 243 3228 restincturum.''
578 3197 606 3228 er
622 3197 661 3228 suo
677 3197 767 3229 numero
785 3180 877 3240 leontos}
901 3182 917 3228 i.
928 3197 947 3229 e.
966 3184 1010 3229 ‘ex

87 3240 123 3287 32.
138 3237 341 3300 opturnumfacdu]
383 3239 420 3285 ‘0
435 3241 520 3288 timum
550 3256 641 3288 suorum
658 3240 769 3286 numero.'
791 3228 888 3298 (Kritz.)
920 3241 1010 3298 Caesar,

57 3299 159 3352 sectum:
170 3299 235 3351 Cort,
246 3299 289 3342 aud
301 3297 348 3343 also
358 3299 382 3344 in
397 3256 463 3346 other
471 3315 520 3360 pus·
551 3300 578 3346 Β.
595 3300 624 3346 G.
635 3300 650 3344 i.
662 3299 698 3353 47,
714 3314 771 3358 says,
787 3298 920 3355 “Legatum
936 3315 948 3346 e
964 3302 1010 3347 suis

57 3358 158 3461 segem
170 3357 252 3402 55and
263 3355 311 3415 ⁵7).
550 3372 598 3404 sese
618 3373 700 3418 magno
719 3373 772 3403 cum
791 3355 891 3426 periculo
908 3358 936 3404 ad
956 3374 1010 3406 eum

86 3417 131 3462 sc'
156 3414 245 3476 rentur]
286 3413 429 3461 ‘Enrolled'
470 3415 520 3463 The
548 3416 695 3462 missurum.''
726 3416 754 3460 ln
766 3415 811 3460 this
822 3429 912 3475 passage
922 3418 948 3464 of
959 3417 1009 3466 Sal·

59 3474 160 3521 Romens
180 3475 227 3521 said
250 3473 307 3520 both
331 3474 455 3520 ‘scrihere'
475 3476 520 3520 end
548 3473 875 3526 lustCortomits‘lenatos'‘

57 3533 222 3581 ‘conscribere'
232 3534 257 3582 iu
265 3532 311 3578 this
318 3534 519 3581 ensc.-‘noote:¹
