2302 3864
406 225 655 287 'JUGURTHA
927 246 928 253 ¹
946 228 1004 288 109

57 393 142 448 ratus
157 391 220 446 erat
235 385 340 447 evenit.
382 386 462 446 Nam
481 386 502 447 J
503 387 633 466 ugurtha
645 392 681 445 ut
694 390 758 447 erat
771 386 896 467 impigro
915 394 1006 468 atque

58 470 119 529 acri
132 468 260 545 ingenio,
274 467 326 527 ubi
339 473 475 527 naturam
490 470 523 528 P.
538 468 690 547 Scipionis,
705 468 756 548 qui
775 473 841 527 tum
861 469 1003 528 Romanis

60 550 220 629 imperator
234 555 308 622 erat,
322 555 353 607 et
366 569 477 615 morem
491 549 621 608 bostium
636 549 781 627 cognovit,
796 549 890 609 multo
904 549 1004 610 labore

58 630 211 708 multaque
225 649 304 702 cura,
318 632 469 708 praeterea
483 629 708 689 modestissume
728 630 857 710 parendo
871 636 903 690 et
917 650 1005 711 saepe

61 711 176 771 obviam
201 710 298 769 eundo
321 709 457 789 periculis
484 710 517 769 in
544 716 658 770 tantam
685 711 889 771 claritudinem
923 710 1004 771 brevi

58 797 234 872 pervenerat
261 797 296 850 ut
323 791 434 850 nostris
463 791 653 851 vehementer
686 811 781 864 carus,
808 791 1003 852 Numantinis

60 892 196 932 maxumo
218 872 324 930 terrori
345 877 432 931 esset.
473 872 519 931 Ac
540 885 619 946 sane,
639 872 717 951 quod
741 872 951 932 difficillumum
971 873 1005 932 in

59 953 163 1034 primis
187 957 241 1025 est,
265 957 295 1010 et
319 952 430 1030 proelio
455 957 594 1012 strenuus
616 959 680 1011 erat
704 958 735 1012 et
756 953 852 1013 bonus
873 953 1004 1026 consilio,

60 1053 185 1113 quorum
213 1033 339 1091 alterum
368 1052 404 1092 ex
430 1033 615 1112 providentia
641 1033 787 1107 timorem,
815 1035 940 1094 alterum
968 1054 1004 1094 ex

60 1114 181 1192 audacia
208 1113 404 1173 temeritatem
433 1115 536 1174 afferre
567 1115 739 1193 plerumque
766 1114 849 1175 solet.
905 1114 1005 1193 Igitur

61 1195 221 1273 imperator
234 1194 329 1253 omnis
350 1194 412 1253 fere
432 1214 480 1254 res
499 1215 616 1275 asperas
637 1215 690 1274 per
711 1195 890 1274 Jugurtham
908 1216 1004 1274 agere,

60 1275 93 1334 in
106 1274 205 1335 amicis
219 1275 335 1347 babere,
350 1275 442 1353 magis
463 1275 614 1355 magisque
634 1296 702 1334 eum
722 1276 755 1335 in
775 1276 837 1336 dies
858 1276 1003 1357 amplecti,

62 1355 170 1436 quippe
197 1356 290 1435 cujus
308 1376 405 1435 neque
433 1356 587 1417 consilium
611 1376 706 1435 neque
733 1357 884 1436 inceptum
911 1357 1005 1416 ullum

61 1439 174 1497 flustra
187 1442 259 1496 erat.
289 1436 361 1495 Huc
374 1437 530 1497 accedebat
543 1436 743 1496 munificentia
757 1438 847 1496 animi
860 1442 892 1496 et
904 1436 1006 1514 ingeni

62 1517 189 1591 solertia,
204 1517 372 1596 quisrebus
387 1517 442 1578 sibi
456 1517 566 1577 multos
580 1538 616 1577 ex
630 1517 772 1578 Romanis
786 1516 922 1593 familiari
934 1518 1004 1578 ami·

62 1598 132 1659 aitia
145 1599 345 1678 conjunxerat.

103 1682 130 1739 8.
152 1679 196 1738 Ea
219 1682 396 1756 tempestate
409 1677 442 1738 in
455 1679 587 1739 exercitu
608 1684 711 1738 nostro
733 1677 816 1738 fuere
839 1677 1006 1759 complures

61 1759 130 1820 novi
157 1765 245 1837 atque
272 1739 393 1833 nobiles,
420 1759 527 1839 quibus
561 1760 679 1820 divitiae
713 1759 790 1820 bono
823 1759 1007 1840 honestoque

62 1921 520 1968 understoodittomean‘differentfrom
549 1922 636 1967 ‘bonus
665 1920 885 2024 coneilioJ-‘rpaip
942 1920 1007 1982 cujus

61 1980 124 2027 what
133 1979 163 2025 he
173 1978 217 2023 had
227 1978 348 2038 expected.⁸
376 1979 520 2026 ‘Pariter'is
548 1980 660 2025 -frustra
672 1987 720 2026 erat
728 1980 743 2025 :'
758 1978 861 2025 seeSal.
895 1981 1007 2040 atad&

63 2039 118 2085 used
128 2037 167 2083 the
179 2052 240 2083 same
251 2053 312 2097 way:
332 2038 444 2084 “Pariter
458 2053 520 2083 nunc
548 2039 592 2084 and
603 2054 622 2085 c.
633 2036 670 2095 ll,
681 2039 727 2083 “id
736 2038 818 2084 frustra
828 2037 895 2085 fuit.”

63 2112 130 2158 opera
153 2111 191 2142 me
210 2096 307 2155 ,adjuvas
331 2111 356 2141 ac
381 2111 405 2143 re
434 2097 520 2142 dudum
577 2097 632 2142 Hac
646 2096 770 2157 accedebat]
803 2097 950 2143 Acommen
967 2111 1008 2144 ex·

64 2156 174 2216 opitulata
183 2169 206 2200 es
214 2154 228 2174 ’'
240 2155 301 2213 (Ter.
312 2152 404 2201 Pberm.
416 2170 438 2200 v.
449 2155 471 2211 2,
482 2154 512 2214 3).
548 2157 656 2215 pression,
674 2155 748 2200 where
762 2155 801 2201 the
815 2153 929 2202 adverbial
945 2156 1006 2202 form

92 2219 116 2260 at
132 2214 190 2272 crat]
220 2213 262 2259 See
280 2213 329 2259 Cat.
344 2229 362 2260 c.
380 2213 416 2271 31,
429 2221 521 2259 note...
549 2214 624 2260 ‘huc'
635 2216 653 2260 is
663 2213 792 2273 equivalent
801 2221 848 2259 toa
862 2214 937 2259 dativa
948 2222 1007 2261 orto

65 2275 188 2318 ‘naturam
214 2272 241 2317 P.
267 2271 377 2332 Scipionis
393 2272 408 2317 ι’
445 2271 522 2332 Scipio
551 2273 608 2318 ‘ad'
623 2274 668 2318 aud
681 2288 710 2318 an
725 2273 864 2318 accusative:
882 2272 967 2319 ‘added
983 2282 1007 2320 to

64 2332 135 2391 began
155 2331 195 2376 the
215 2331 358 2376 Numantina
377 2345 423 2376 war
439 2330 470 2390 by
487 2346 521 2376 re·
550 2330 596 2376 this
612 2345 669 2377 were
687 2346 701 2376 a
720 2331 854 2376 munificent
873 2330 1007 2390 disposition

64 2390 146 2435 formin
182 2389 220 2435 the
241 2404 312 2449 army.
346 2388 443 2449 “Scipio
458 2389 521 2434 Afri-
550 2391 593 2434 and
611 2405 625 2434 a
642 2390 709 2448 ready
725 2389 804 2446 talant,
823 2390 852 2449 by
865 2389 940 2435 which
953 2405 1008 2450 qua·

64 2462 134 2494 canus
178 2450 304 2494 umentiam
324 2448 418 2504 obsedit,
436 2454 459 2493 et
474 2463 522 2493 cor·
551 2448 611 2493 litiea
632 2448 721 2506 (rebus)
746 2447 775 2493 he
794 2447 839 2493 bad
858 2447 962 2494 attached
982 2457 1006 2494 to

64 2514 158 2610 rtuptuplr
174 2505 268 2577 licentia
286 2506 421 2610 luxuriappe
437 2507 522 2608 eparci·
551 2506 677 2610 hprtrpelpzin
690 2507 794 2584 intimate
803 2506 928 2566 friendship
938 2522 1008 2566 many

76 2579 139 2609 uma
169 2579 333 2610 severissimam
348 2580 444 2610 mrrrae
470 2579 521 2610 iscr-
551 2581 564 2610 ο
656 2581 669 2610 o
694 2580 740 2610 ans.

64 2623 152 2682 plinam
162 2623 295 2669 revocavit''
307 2623 383 2684 (Livy,
395 2623 436 2683 Ep.
448 2623 494 2681 57).
581 2623 602 2669 8.
611 2581 693 2684 hanff
717 2623 857 2669 ‘Homines’
875 2623 895 2669 is
911 2625 1008 2671 omitted

95 2682 120 2725 ia
140 2681 230 2740 priscis]
264 2683 370 2741 ‘Among
394 2682 433 2728 the
457 2682 522 2737 first,'
552 2682 605 2728 here
622 2683 666 2727 and
684 2683 709 2727 in
728 2697 747 2728 c·
765 2681 799 2728 63.
819 2681 853 2728 65.
894 2682 937 2727 See
956 2682 1006 2730 (iat.

66 2737 170 2785 whether
185 2738 260 2798 things
276 2755 302 2785 or
317 2756 371 2786 men
387 2755 425 2786 are
437 2741 521 2799 spoken
550 2756 569 2787 c.
580 2740 653 2786 23.-‘
661 2741 747 2786 factiosi
756 2740 770 2786 ι’
786 2740 840 2799 they
849 2740 936 2786 formed
947 2741 1008 2787 ‘fac-

66 2799 97 2854 of,
116 2811 190 2842 serves
207 2804 230 2841 to
247 2799 375 2858 strengtben
391 2798 521 2845 ‘dfficsslu-
550 2799 637 2854 tiones,'
656 2797 756 2860 political
775 2801 863 2859 parties.
896 2799 945 2845 The
962 2800 1008 2845 end

65 2855 157 2902 mum?
184 2854 259 2900 ‘Itis
279 2856 318 2902 the
341 2863 401 2903 most
424 2857 522 2903 difficolt
549 2873 594 2903 was
606 2867 628 2903 to
638 2863 673 2917 get
684 2856 746 2916 place
756 2859 799 2902 and
837 2872 883 2902 wer
892 2865 915 2902 at
925 2857 1006 2904 Rome.

65 2915 132 2974 thing
141 2912 268 2973 amongthe
278 2915 520 2975 first'(indifficulty).
551 2917 580 2962 In
599 2916 638 2962 the
661 2917 778 2975 provinces
804 2873 886 2975 fiipud
911 2917 1005 2974 socioe')

66 2974 134 3019 Kritz
144 2987 172 3018 ex
188 2986 257 3017 resses
267 2972 286 3016 it
300 2974 324 3018 in
342 2974 449 3030 German,
460 2978 520 3020 ‘was
550 2975 603 3034 they
622 2975 724 3021 assumed
743 2973 857 3033 authority
874 2987 927 3018 over
943 2973 1007 3020 those

65 3034 118 3078 eine
129 2987 211 3077 teriia
221 3030 348 3092 schwierige
363 3033 467 3092 Aufgabe
481 3034 521 3080 der
548 3035 622 3079 whom
634 3034 688 3092 they
697 3033 779 3078 looked
787 3047 816 3077 on
826 3047 849 3078 as
859 3033 898 3077 the
908 3031 1006 3091 subjects

66 3099 140 3136 ersten
161 3090 245 3136 Griisse
265 3089 310 3144 ist,'
332 3091 390 3136 ‘and
405 3092 520 3137 thatisa
549 3092 663 3138 olRome.
695 3090 760 3150 They
777 3105 835 3137 were
851 3089 958 3143 insolent,
971 3105 1007 3136 ar-

66 3165 121 3208 very
133 3147 230 3194 difficolt
241 3148 291 3192 taels
301 3148 327 3204 of
339 3148 378 3194 the
393 3149 442 3194 drst
459 3165 519 3210 mag·
548 3166 573 3196 ra
601 3158 635 3206 ut,
663 3152 786 3210 rapacious,
816 3149 860 3194 and
891 3148 1007 3194 hated.-

66 3207 161 3253 nitude.'
184 3207 254 3252 Allan
265 3208 418 3252 corrnects‘iu
427 3208 519 3267 primis'
550 3167 643 3256 ‘eldrif
666 3208 733 3254 Kritz
748 3221 862 3267 compares
879 3206 939 3266 Livy
957 3208 1006 3254 viii.

66 3267 185 3343 (omitting
208 3265 281 3323 ‘est')
302 3265 357 3311 with
379 3268 415 3310 ‘et
436 3264 521 3326 proelio
549 3267 586 3325 27,
607 3267 686 3313 “clari
712 3268 782 3326 magis
807 3267 867 3311 inter
880 3263 1007 3369 tpalpulares

933 3338 940 3370 ι

65 3332 178 3379 strenuus,
200 3323 522 3392 &caandheobjectsmthe
551 3342 619 3429 paam
633 3326 744 3383 honesti,'‘
763 3325 807 3370 and
824 3324 878 3392 Taci
934 3325 969 3370 ‘st
981 3326 1004 3372 ii.

65 3383 149 3454 double
166 3383 300 3454 superlative
319 3383 394 3486 :puod
408 3381 522 3452 difficillu·
565 3384 586 3440 0,
603 3386 717 3455 '“Vibius
730 3383 830 3452 ¹Crispus
853 3388 912 3460 mter
935 3381 1007 3466 claros

65 3458 131 3512 mum
143 3457 167 3488 m
182 3457 260 3525 priprrs
276 3448 318 3497 est,
351 3448 377 3487 ut
392 3440 522 3487 Cicerohas
550 3459 621 3513 magra
640 3458 709 3529 qnam
728 3448 789 3487 inter
808 3441 885 3522 bonos.
907 3470 944 3512 *.
961 3456 1007 3488 non

65 3498 523 3608 ttiltsdlfttttttttt
551 3500 1007 3621 ttwtuittttttttttt
