2302 3864
150 203 210 263 214
412 203 447 264 O.
468 202 671 263 SALLUSTI
693 203 831 264 CRISPI

150 361 241 422 liariis
254 363 287 423 in
300 385 402 443 agrum
416 364 542 424 fertilem
557 370 588 425 et
602 364 709 445 praeda
729 370 871 425 onustum
890 362 1099 443 proficiscitur,

152 444 250 506 omnia
264 445 306 505 ihi
319 452 405 526 capta
419 445 562 506 militibus
584 447 683 520 donat,
702 446 771 506 dein
789 445 910 506 castella
933 450 966 504 et
991 444 1101 524 oppida

152 530 259 584 natura
271 533 302 586 et
316 527 385 587 viris
402 547 504 606 parum
527 527 641 587 munita
662 527 840 606 aggreditur,
862 525 975 605 proelia
996 525 1099 598 multa,

152 611 282 666 ceterum
297 607 378 681 levia,
392 608 449 667 alia
461 609 525 668 aliis
539 609 610 668 locis
624 608 727 668 facere.
770 607 895 666 Interim
909 607 981 666 novi
989 605 1099 666 milites

155 685 218 746 sinc
232 694 315 748 metu
328 709 445 767 pugnae
457 689 569 762 adesse,
583 688 681 749 videre
694 688 837 766 fugientis
850 688 915 766 capi
928 694 983 747 aut
996 685 1099 760 occidi,

154 766 357 828 fortissumum
370 790 515 848 quemque
528 769 729 838 tutissumum,
751 769 839 829 armis
859 768 1037 840 libertatem,
1052 787 1099 844 pa·

155 848 242 907 trium
256 856 451 928 parentesque
464 857 495 910 et
508 851 564 910 alia
576 851 676 910 omnia
689 850 760 928 tegi,
774 849 894 928 gloriam
917 855 1009 927 atque
1030 848 1099 908 divi·

155 928 213 988 tias
226 929 335 1008 quaeri.
376 930 424 990 Sic
438 931 518 990 brevi
532 932 627 1011 spatio
641 931 709 991 novi
722 936 893 1009 veteresque
909 930 1056 1002 coaluere,
1070 935 1100 989 et

111 1056 112 1063 ,
156 1009 250 1070 virtus
264 1011 395 1070 omnium
408 1012 537 1091 aequalis
550 1013 635 1072 sacta.
677 1014 721 1071 At
734 1032 826 1089 reges,
841 1010 893 1071 ubi
913 1010 950 1070 de
970 1010 1101 1072 adventu

157 1089 237 1148 Mari
250 1098 460 1170 cognoverunt,
474 1093 581 1154 divorsi
595 1092 626 1152 in
639 1093 720 1152 locos
741 1092 865 1151 difficilis
885 1091 1009 1151 abeunt.
1052 1092 1101 1152 Ita

157 1170 325 1248 Jugurthae
345 1174 493 1253 placuerat
514 1173 645 1253 speranti
662 1195 730 1233 mox
754 1174 862 1233 effusos
883 1173 980 1232 hostis
1003 1173 1101 1233 invadi

157 1271 259 1330 poese3
287 1254 445 1327 Romanos,
469 1255 557 1314 sicuti
577 1254 741 1335 plerosque,
764 1260 877 1315 remoto
898 1260 983 1314 metu
1006 1255 1101 1314 laxius

154 1332 349 1413 licentiusque
362 1335 487 1395 futuros.

198 1418 245 1475 88.
267 1415 408 1476 Metellus
431 1417 544 1476 interea
567 1417 691 1476 Romam
714 1417 864 1495 profectus
888 1421 995 1475 contra
1020 1435 1101 1494 spem

157 1515 240 1559 suam
271 1497 448 1568 laetissumis
475 1497 579 1557 animis
606 1497 759 1576 excipitur,
794 1496 872 1576 plebi
904 1495 1101 1574 patribusque

157 1582 311 1656 postquam
338 1578 448 1638 invidia
471 1578 635 1638 decesserat
651 1579 737 1658 juxta
764 1597 858 1637 carus.
900 1576 958 1635 Sed
982 1576 1101 1636 Marius

156 1657 280 1737 impigre
306 1659 523 1739 prudenterque
552 1680 670 1720 suorum
699 1666 730 1717 et
756 1659 886 1717 hostium
912 1678 961 1716 res
989 1658 1102 1736 pariter

156 1740 319 1813 attendere,
333 1760 508 1818 cognoscere
520 1740 592 1819 quid
605 1740 674 1800 boni
688 1739 820 1817 utrisque
834 1744 886 1797 aut
899 1744 1005 1797 contra
1014 1743 1100 1810 esset,

156 1821 306 1898 explorare
318 1821 425 1885 itinera
437 1841 547 1898 regum,
562 1820 683 1880 consilia
702 1826 733 1878 et
752 1819 874 1878 insidias
894 1839 998 1878 eorum
1020 1826 1100 1878 ante-

156 1901 264 1974 venire,
277 1902 352 1960 nihil
373 1901 450 1980 apud
471 1921 503 1959 se
518 1901 673 1960 remissum
693 1921 789 1979 neque
807 1899 885 1979 apud
908 1899 975 1958 illos
999 1904 1100 1959 tutum

155 1981 226 2058 pati.
267 1982 374 2061 Itaque
388 1988 419 2041 et
434 1981 577 2048 Gaetulos
590 1988 622 2040 et
636 1983 657 2042 J
659 1981 815 2059 ugurtham
831 2001 866 2040 ex
880 1980 967 2039 sociis
988 1980 1100 2040 nostris

156 2061 278 2139 praedas
291 2062 406 2141 agentis
420 2082 506 2141 saepe
520 2082 676 2140 aggressus
689 2062 721 2120 in
735 2061 841 2121 itinere
851 2061 978 2130 fuderat,
991 2061 1101 2140 ipsum·

156 2161 213 2220 quc
226 2164 325 2221 regem
347 2143 430 2204 haud,
446 2143 549 2223 procul
570 2143 607 2202 ab
629 2143 736 2223 oppido
756 2142 840 2202 Cirta
859 2141 948 2200 armis
968 2146 1100 2201 exuerat.

158 2221 242 2298 Quae
255 2229 408 2305 postquam
423 2224 550 2304 gloriosa
569 2224 656 2285 modo
678 2244 772 2302 neque
793 2221 860 2282 belli
881 2221 1022 2301 patrandi
1035 2242 1100 2300 cog-

185 2377 221 2426 87.
236 2377 416 2437 omnib—donat]
441 2378 611 2439 Booty(‘prae·
639 2378 678 2425 the
687 2376 787 2424 soldicrs'
797 2378 840 2422 bad
850 2376 980 2422 behariour.

155 2437 185 2482 da
195 2437 211 2494 ⁵)
230 2437 337 2496 belonged
355 2446 379 2482 to
395 2438 433 2482 the
449 2437 537 2483 Roman
555 2445 611 2483 state
670 2436 719 2481 The
729 2437 806 2481 reader
816 2435 865 2481 will
880 2437 982 2491 observa,
998 2450 1025 2480 or
1039 2435 1061 2481 if
1072 2435 1100 2482 hc

157 2495 206 2550 (see
216 2494 252 2546 41,
262 2495 333 2553 note).
365 2496 410 2541 We
420 2497 472 2541 read
482 2498 611 2542 sometimes
639 2496 750 2551 doesnot,
765 2496 785 2540 it
801 2493 849 2539 will
868 2495 895 2538 be
910 2493 988 2539 useful
999 2495 1100 2540 tomaka

156 2554 183 2599 of
198 2553 297 2612 generals
312 2553 391 2656 giving¹
402 2553 433 2599 all
451 2555 490 2600 the
505 2556 573 2614 booty
588 2562 611 2601 to
640 2555 689 2599 him
703 2556 801 2610 obser-ve,
817 2553 865 2598 that
880 2552 926 2597 this
941 2552 1034 2612 chapter
1048 2552 1100 2598 tells

157 2612 196 2657 the
214 2611 314 2657 soldiers.
355 2612 412 2657 Tis
434 2628 478 2658 vrrs
497 2612 612 2672 irregular,
641 2628 668 2658 us
688 2613 782 2672 nothing
804 2618 829 2658 at
851 2610 883 2656 all
908 2611 977 2656 about
1005 2610 1099 2656 Marius·

157 2672 201 2716 and
212 2670 250 2716 the
259 2669 367 2730 general’s
381 2672 477 2716 conduct
486 2685 531 2716 was
541 2672 613 2717 either
641 2679 789 2726 moramentis,
813 2671 903 2716 neither
927 2670 1039 2715 direction
1060 2685 1101 2716 nor

156 2729 292 2775 overlooked
302 2744 327 2774 or
339 2729 461 2773 confirmed
476 2744 500 2773 aa
510 2744 522 2773 a
531 2737 614 2775 matter
641 2728 710 2788 place.
741 2729 769 2773 ln
779 2745 798 2774 c.
809 2729 838 2774 88
849 2730 876 2774 he
887 2730 906 2773 ie
916 2742 971 2774 near
982 2728 1054 2774 Cirta

157 2789 184 2833 cf
196 2789 350 2848 prudence.-‘
359 2786 442 2845 proelia
457 2786 536 2839 multa,
552 2795 612 2833 cete·
670 2787 704 2831 88.
721 2786 839 2846 Metellus]
871 2787 909 2832 He
919 2787 961 2832 bad
972 2802 987 2831 a
997 2786 1099 2846 triumph

157 2863 209 2893 rum
218 2847 298 2892 levia:⁸
315 2843 410 2890 ‘battles
421 2860 496 2903 many,
507 2845 547 2890 but
558 2845 611 2905 only
641 2846 664 2890 in
675 2846 720 2890 this
735 2861 795 2904 year,
812 2859 855 2892 nc.
873 2844 921 2901 107,
936 2846 981 2890 and
997 2846 1099 2891 received

155 2906 238 2965 slight?
254 2906 303 2951 The
310 2905 376 2950 order
383 2905 409 2948 os
415 2903 453 2949 the
461 2903 532 2948 words
539 2905 612 2950 shows
641 2904 679 2950 the
689 2919 755 2949 name
766 2905 791 2948 of
799 2905 934 2949 Numidicus
942 2902 1014 2962 (Vell.
1022 2906 1045 2950 ii.
1055 2902 1098 2963 ll).

154 2965 193 3010 the
203 2965 314 3024 meaning.
345 2965 373 3009 In
383 2963 479 3008 number
493 2961 531 3007 the
545 2962 610 3021 fights
669 2962 856 3022 res-attendere]
890 2963 940 3007 ‘To
960 2963 1040 3008 attend
1061 2963 1099 3008 to?

154 3038 212 3069 were
230 3039 306 3099 many,
322 3024 347 3068 in
362 3022 426 3091 othep
440 3028 535 3080 respecta
554 3021 611 3079 (‘ce·
640 3019 773 3090 SeeOatc.
784 3021 819 3066 53.

155 3080 609 3198 lebild-‘ilillilhllif'eoenuous,
639 3077 1099 3184 uffl‘db.illdiphlfeilil'h

154 3199 293 3259 separating?
333 3199 376 3245 See
396 3155 445 3244 dat.
466 3213 484 3243 e.
505 3196 541 3252 53,
562 3196 609 3240 ‘di-
639 3195 682 3241 had
693 3198 772 3242 routed
782 3196 913 3255 Jugurtha's
924 3211 984 3250 meu,
992 3197 1045 3242 who
1055 3197 1099 3242 had

155 3259 215 3302 vcrsi
225 3257 340 3313 moribus,'
351 3258 396 3303 und
405 3273 423 3302 c.
435 3256 458 3309 2,
468 3255 580 3300 ‘divorsi'
639 3264 685 3300 cast
694 3270 755 3314 away
764 3256 823 3300 their
830 3271 889 3300 arms
895 3255 937 3298 aud
947 3254 999 3300 fled.
1016 3255 1100 3301 Caesar

182 3315 377 3376 lazius-futuros]
406 3315 488 3361 Jacobs
498 3328 611 3372 compares
639 3316 715 3359 writes
726 3314 762 3372 (Β,
774 3315 802 3359 G.
813 3315 846 3359 iii.
858 3314 889 3370 6),
907 3317 921 3336 “
936 3313 974 3358 Sic
991 3316 1100 3360 omnibus

155 3376 195 3418 ‘ut
212 3376 287 3420 ubivis
304 3376 375 3420 tutius
386 3409 392 3420 .
404 3408 409 3420 .
423 3373 524 3429 ‚essem,'
539 3388 557 3418 c.
574 3370 608 3418 14.
639 3372 738 3418 bostium
758 3373 827 3431 copiis
849 3373 905 3416 fusis
925 3372 1041 3430 armisque
1062 3388 1100 3419 ex·

153 3432 273 3477 ‘Laxius'
299 3434 366 3478 refers
390 3441 414 3477 to
438 3432 477 3479 the
501 3430 610 3491 general'e
639 3432 712 3486 utis;''
728 3432 773 3476 and
790 3432 814 3475 in
830 3445 850 3475 v.
866 3428 902 3486 bl,
916 3430 1019 3475 “omnes
1030 3433 1101 3478 armis

151 3489 263 3535 lcoseuess
272 3493 297 3536 in
307 3490 431 3549 discipline,
446 3490 493 3536 like
508 3489 606 3535 ‘laxiore
635 3489 722 3536 exuit''

149 3549 263 3609 imperic,'
282 3565 301 3597 c.
318 3550 354 3606 64,
370 3551 414 3595 and
434 3548 564 3595 ‘licentius'
582 3555 606 3594 tc
664 3562 731 3608 neque
745 3545 796 3593 belli
806 3545 928 3606 patrandi]
956 3545 1002 3594 See
1015 3548 1100 3597 Catu.
