2302 3864
132 215 192 280 lte
400 215 434 276 O.
456 215 659 277 SALLUSTI
681 215 820 278 CRISPI

132 375 188 452 ret,
202 376 235 436 in
247 375 370 438 advorso
383 377 448 437 loco
462 376 557 438 victor
568 382 671 438 tamen
684 378 795 438 virtute
815 376 932 450 fuisset,
952 376 1088 437 hostium

133 478 203 536 egro
218 457 374 537 potiretur,
389 459 410 519 J
412 458 572 536 ugurtbam
593 459 782 537 magnificum
802 479 838 518 ex
859 459 931 517 Auli
953 458 1089 520 secordia

134 559 216 618 spem
239 538 345 599 salutis
372 539 405 597 in
432 539 592 599 solitudine
617 546 672 599 aut
698 540 769 617 fuga
796 540 941 617 coegisset
967 539 1094 600 habere.

133 620 241 698 Itaque
256 625 377 679 senatus
391 619 428 679 ob
444 641 478 679 ea
492 620 617 680 feliciter
631 626 697 680 acta
719 620 764 680 dis
784 620 1001 680 immortalibus
1017 641 1088 700 sup-

133 699 221 781 plicia
235 700 400 774 decernere,
415 700 517 760 civitas
531 701 647 780 trepida
660 706 748 761 antea
762 708 793 760 et
807 700 933 760 sollicita
955 701 992 760 de
1015 700 1089 761 belli

133 786 243 841 eventu
256 781 333 841 laeta
347 801 441 859 agere,
455 781 534 841 fama
548 781 584 841 de
599 782 724 842 Metello
732 783 881 861 praeclara
889 802 963 842 esse.
985 782 1089 861 Igitur

134 882 169 922 eo
183 862 328 921 intentior
342 862 379 921 ad
392 862 544 921 victoriam
565 861 632 935 niti,
654 863 791 922 omnibus
815 862 910 922 modis
934 862 1088 938 festinare,

133 962 235 1003 cavere
249 949 350 1002 tamen
363 943 471 1003 necubi
491 943 571 1003 hosti
593 950 779 1023 opportunus
801 944 894 1017 fieret,
916 943 1089 1004 meminisse

133 1028 203 1103 post
227 1023 349 1101 glorium
371 1023 510 1083 invidiam
533 1025 624 1102 sequi.
665 1024 716 1083 Ita
737 1044 794 1103 quo
816 1023 929 1096 clarior,
944 1045 979 1084 eo
992 1024 1089 1102 magis

133 1104 238 1164 anxius
253 1109 325 1178 erat,
340 1124 436 1183 neque
459 1110 528 1183 post
549 1103 672 1164 insidias
693 1105 715 1164 J
716 1105 863 1182 ugurthae
884 1105 978 1164 effuso
1003 1125 1087 1165 exer·

134 1185 198 1245 citu
221 1185 373 1264 praedari;
394 1184 447 1243 ubi
469 1184 620 1245 frumento
644 1191 696 1244 aut
717 1185 824 1264 pabulo
845 1205 919 1264 opus
941 1191 1014 1258 erat,
1038 1205 1089 1245 co·

134 1265 235 1325 bortee
259 1286 327 1325 cum
351 1266 431 1324 omni
453 1266 590 1345 equitatu
610 1266 789 1345 praesidium
811 1265 983 1343 agitabant3
1005 1286 1088 1326 exer-

134 1345 213 1406 citus
236 1353 349 1426 partem
373 1347 446 1426 ipsc,
468 1346 596 1427 reliquos
619 1347 735 1407 Marius
759 1346 894 1407 ducebat.
937 1347 995 1406 Sed
1022 1346 1089 1424 igni

134 1427 227 1505 magis
242 1449 329 1507 quam
343 1427 451 1508 praeda
464 1447 533 1505 ager
546 1428 726 1488 vastabatur.
767 1428 894 1488 Duobus
913 1427 986 1488 locis
1007 1427 1089 1488 haud

134 1507 222 1587 longe
236 1509 315 1568 inter
329 1530 361 1568 se
375 1515 472 1569 castra
485 1507 652 1578 faciebant;
673 1509 727 1567 ubi
742 1508 771 1567 vi
794 1530 869 1588 opus
891 1515 964 1582 erat,
985 1508 1090 1568 cuncti

134 1589 266 1662 aderant,
280 1596 413 1650 ceterum
427 1610 485 1669 quo
498 1590 570 1667 fuga
583 1595 672 1669 atque
686 1589 811 1649 formido
830 1589 920 1648 latius
941 1595 1090 1649 cresceret

135 1670 245 1730 divorsi
259 1671 394 1749 agebant.
436 1671 480 1730 Eo
493 1676 626 1750 tempore
641 1670 793 1748 Jugurtha
816 1690 868 1749 per
889 1670 972 1729 collis
994 1668 1089 1749 sequi,

135 1759 254 1831 tempus
268 1759 320 1812 aut
335 1753 432 1812 locum
444 1772 562 1831 pugnae
576 1771 724 1831 quaerere,
736 1771 793 1830 qua
802 1756 962 1809 venturum
971 1750 1090 1810 hostem

135 1833 268 1892 audierat
296 1832 437 1911 pabulum
464 1840 495 1892 et
523 1852 664 1910 aquarum
691 1832 792 1904 fontis,
817 1852 942 1910 quorum
963 1831 1089 1910 penuria

136 1918 208 1984 erat,
230 1933 425 1992 corrumpere,
439 1912 526 1972 modo
541 1933 573 1972 se
587 1913 721 1986 Metello,
744 1912 895 1972 interdum
918 1912 1016 1972 Mario
1040 1932 1088 1972 os-

135 1992 267 2065 tendere,
281 2001 446 2071 postremos
459 1993 491 2051 in
505 1992 622 2071 agmine
636 1999 782 2071 temptare
796 2014 830 2053 ac
844 1993 946 2052 statim
959 1993 992 2051 in
1006 1992 1089 2052 collis

135 2073 262 2151 regredi,
276 2094 380 2133 rursus
394 2071 467 2146 aliis,
489 2078 558 2153 post
580 2073 645 2132 aliis
666 2073 807 2147 minitari,
827 2094 923 2152 neque
941 2073 1088 2152 proelium

135 2154 230 2214 facere
244 2174 340 2234 neque
354 2154 449 2214 otium
462 2154 534 2234 pati,
548 2155 754 2214 tautummodo
777 2155 892 2215 hostem
912 2155 949 2214 ab
968 2154 1089 2234 incepto

135 2233 273 2294 retinere.

177 2318 226 2373 56.
258 2316 411 2375 Romanus
437 2314 598 2396 imperator
624 2316 677 2375 ubi
699 2336 731 2376 se
758 2314 833 2375 dolis
859 2314 979 2393 fatigari
1006 2313 1091 2374 videt

136 2415 233 2474 neque
247 2395 284 2454 ab
298 2395 384 2455 hoste
398 2397 511 2476 copiam
525 2397 677 2476 pugnandi
690 2395 762 2470 fieri,
776 2397 881 2456 urbem
898 2416 1037 2474 magnam
1059 2400 1091 2454 et

137 2475 170 2535 in
183 2495 218 2535 oa
231 2481 317 2555 parte
338 2497 396 2557 qua
418 2477 476 2538 sita
499 2483 563 2538 erat
585 2498 682 2538 arcem
703 2477 797 2557 regni,
818 2476 938 2538 nomine
960 2478 1091 2551 Zamam,

167 2629 203 2676 55.
228 2630 253 2676 in
276 2631 491 2678 advorso-victor
514 2633 598 2693 tamen]
627 2633 823 2689 thcuominative,
838 2632 1091 2678 andIthinkthereie

138 2688 252 2760 ‘Though
273 2706 303 2735 on
323 2691 485 2738 unsavourable
504 2693 598 2751 ground,
627 2707 658 2738 no
667 2691 738 2743 doubt
749 2693 819 2738 about
828 2691 884 2737 that.

138 2747 187 2794 still
211 2750 349 2805 nemaeus:
374 2765 400 2794 or
429 2750 532 2795 ‘thoul
558 2750 613 2796 the'
656 2749 742 2810 mebi]
775 2749 936 2796 Thatis‘ue'
951 2747 1090 2795 and‘cubi’

165 2808 225 2852 ound
236 2822 280 2853 was
290 2808 467 2854 unfavourablc)
492 2767 597 2855 SgeeCat.
628 2809 667 2855 the
685 2808 796 2869 complete
805 2810 864 2853 form
877 2808 904 2853 of
917 2807 1026 2853 ‘ubi.'-‘
1034 2821 1089 2852 unx·

156 2867 213 2921 ,‘iu
223 2867 390 2927 magnucopia.’
417 2867 599 2914 ‘Tamen’with
628 2867 688 2914 ius?
712 2869 797 2913 ‘animi
814 2865 911 2924 αιικίιιι,1
929 2867 1089 2925 cort-‘post

140 2925 241 2970 ‘victor'
252 2927 396 2985 corresponds
406 2932 430 2970 to
441 2926 480 2971 ‘in
490 2924 599 2971 advorso.¹
630 2927 723 2972 insidias
731 2928 745 2972 ι’
761 2941 797 2972 sec
807 2941 826 2971 c.
837 2923 873 2970 54.

139 2984 394 3043 -‘magnificumex:’
411 2984 497 3030 ‘elated
512 2985 558 3045 by:
574 2999 600 3030 or
653 2985 753 3044 praeda]
795 2983 856 3029 Thac
879 2984 907 3040 is,
933 2980 1089 3043 ‘praedando’

141 3044 227 3103 ‘proud
242 3043 280 3088 of!
310 3044 353 3088 See
371 3044 515 3102 ‘magnifici'
533 3059 551 3088 c.
563 3042 600 3090 31.
629 3043 697 3089 Kritz
707 3050 787 3102 quotes
798 3043 856 3100 Livy
867 3041 903 3098 22,
918 3056 937 3087 c.
951 3043 973 3096 9,
985 3044 1000 3064 “
1009 3040 1089 3100 praeda

140 3103 210 3147 —‘su
225 3100 316 3162 plicia:⁹
332 3117 368 3147 sec
386 3101 437 3147 Cat.
454 3116 473 3148 c.
492 3101 512 3147 9.
544 3101 601 3147 This
629 3117 655 3148 aa
674 3101 924 3161 populationibus...
944 3099 1031 3144 Marsos
1051 3099 1090 3144 de·

90 3171 92 3174 ·
141 3117 301 3220 ‘supplicatio'
311 3176 379 3206 wasa
392 3159 499 3219 religione
511 3159 602 3206 festival
630 3159 762 3206 vastat.”-‘
770 3160 855 3205 divorsi
876 3158 973 3217 agebunt
988 3159 1003 3204 ι’
1019 3157 1089 3260 ‘kept

140 3219 185 3263 aud
195 3218 304 3278 rejoicing
313 3220 349 3265 for
358 3217 600 3279 avictory.-‘lacta:'
629 3217 743 3278 separatc,'
757 3218 781 3264 in
799 3219 905 3263 different
920 3231 1002 3276 comps,
1021 3231 1046 3261 as
1077 3228 1091 3260 e

140 3276 187 3321 this
196 3278 270 3336 might
280 3279 308 3323 be
320 3278 394 3323 either
407 3277 445 3323 the
461 3278 601 3322 nominative
629 3277 669 3322 has
679 3277 772 3322 seid.-‘
780 3291 854 3335 neque
864 3277 938 3320 otium
948 3275 994 3335 pati
1005 3275 1019 3320 ι’
1036 3277 1091 3319 ‘nor

140 3336 308 3436 agreeing'witlp
318 3336 426 3406 fcivitas,’
438 3351 463 3381 or
473 3336 513 3405 the
521 3342 602 3381 neuter
630 3336 669 3381 did
679 3335 708 3381 he
718 3335 785 3381 allow
795 3335 858 3381 them
868 3333 928 3379 rest?
944 3341 951 3356 ⁸

140 3393 218 3507 tud·
234 3394 601 3510 '525⁰s?⁰3.tt¹t:⁰sstm;
630 3392 1093 3511 ,itiffttttliit'ttttttittff

140 3507 181 3552 but
191 3508 220 3554 hc
230 3511 285 3556 adds
296 3511 345 3558 that
354 3513 373 3557 it
382 3513 402 3558 is
416 3528 478 3560 more
493 3511 601 3572 probably
631 3512 657 3557 of
674 3509 808 3571 Jugurtha’s
827 3511 938 3569 kingdom
958 3510 985 3555 of
1006 3523 1091 3555 course.
