2302 3864
152 230 211 290 182
419 230 453 291 o.
474 228 677 289 snnnnsrr
700 227 838 290 cerari
926 315 929 319 Ι

153 391 242 449 Zama
266 389 390 450 discedit
412 397 444 450 et
467 390 501 450 in
521 390 558 450 iis
577 390 708 464 urbibus,
730 409 805 470 quae
827 389 864 448 ad
882 408 915 449 sa
936 387 1105 449 defecerant

154 471 284 549 satisque
299 471 430 530 munitae
444 472 507 531 loco
522 478 574 530 aut
592 472 746 531 moenibus
768 475 861 543 erant,
882 470 1029 550 praesidia
1052 470 1104 528 im·

153 551 258 631 ponit;
279 558 409 611 ceterum
424 553 584 612 exercitum
605 553 638 611 in
657 553 844 632 provinciam,
866 571 941 630 quae
963 570 1105 630 proxuma

153 638 201 691 est
216 632 382 702 Numidiae,
396 633 545 693 hiemandi
559 633 654 711 grstia
676 634 808 692 collocat.
850 632 958 711 Neque
980 631 1012 690 id
1029 637 1103 692 tem·

153 732 211 791 pus
234 733 269 772 ex
291 714 414 772 aliorum
436 734 516 773 more
540 715 633 792 quieti
651 720 704 774 aut
727 713 860 773 luxuriae
883 713 1028 785 concedit,
1052 713 1103 773 sed

154 794 293 873 quoniam
317 796 406 854 armis
428 795 540 854 bellum
562 816 666 874 parum
688 794 872 874 procedebat,
893 793 1017 854 insidias
1040 794 1105 872 regi

154 894 208 953 per
222 876 330 934 amicos
343 875 466 935 tendere
480 883 512 935 et
525 896 628 935 eorum
641 876 762 955 perfidia
779 896 833 953 pro
847 874 936 935 armis
950 875 997 935 uti
1009 881 1103 954 parat.

154 955 256 1033 Igitur
269 956 472 1029 Bomilcarem,
485 956 536 1036 qui
550 958 663 1016 Romae
683 977 750 1016 curn
771 955 792 1016 J
795 956 923 1034 ugurtha
944 955 1051 1028 fuerat,
1072 960 1103 1015 et

153 1035 223 1095 inde
236 1037 359 1096 vadibus
373 1037 450 1096 datis
464 1037 537 1097 clam
552 1038 700 1097 Massivae
715 1037 751 1097 de
764 1058 836 1097 nece
853 1035 999 1116 judicium
1022 1036 1103 1114 fuge·

110 1143 113 1149 ¹
154 1123 210 1189 rat,
225 1117 303 1194 quod
318 1118 345 1176 ei
358 1138 412 1197 per
425 1138 589 1178 maxumam
609 1118 766 1178 amicitiam
789 1138 925 1177 maxuma
946 1116 1031 1196 copia
1050 1117 1104 1176 fal·

153 1197 233 1256 lendi
248 1204 320 1271 erat,
336 1199 437 1258 multis
451 1199 713 1278 pollicitationibus
726 1199 905 1277 aggreditur.
947 1199 994 1258 Ac
1008 1198 1103 1279 primo

154 1278 244 1337 efficit
258 1286 293 1337 ut
307 1279 344 1339 ad
364 1300 396 1339 se
416 1280 601 1358 colloquendi
623 1281 719 1358 gratia
741 1280 874 1339 occultus
895 1279 1013 1352 veniat;
1035 1279 1104 1340 dein

153 1359 211 1418 fide
226 1360 302 1433 data,
325 1361 350 1419 si
373 1361 553 1437 Jugurtbam
575 1361 673 1420 vivum
698 1366 752 1420 aut
773 1367 910 1420 necatum
934 1360 992 1420 sibi
1014 1359 1103 1420 tradi·

155 1440 255 1514 disset,
270 1440 438 1500 ferentilli
453 1448 574 1502 senatus
588 1441 794 1521 impunitatem
810 1447 840 1500 et
855 1462 908 1500 sua
922 1441 1021 1500 omnia
1035 1462 1103 1501 con·

154 1521 280 1593 cederet,
295 1521 380 1582 facile
393 1523 544 1583 Numidae
557 1523 723 1602 persuadet,
746 1543 837 1601 quum
860 1522 980 1599 ingenio
1002 1522 1103 1595 infido,

152 1609 216 1660 tum
233 1604 387 1675 metuenti,
400 1625 447 1677 ne,
469 1605 494 1664 si
514 1625 570 1697 pax
593 1624 660 1663 cum
682 1603 824 1663 Romanis
847 1603 940 1675 fieret,
964 1602 1103 1683 ipseper

152 1683 338 1742 condiciones
352 1684 388 1744 ad
403 1685 578 1763 supplicium
592 1684 767 1743 traderetur.

193 1768 241 1823 62.
278 1765 318 1836 Is,
347 1766 398 1824 ubi
426 1766 551 1844 primum
583 1773 782 1844 opportunum
818 1764 884 1837 fuit,
919 1763 1101 1842 Jugurtbam

151 1845 271 1903 anxium
300 1865 333 1904 ac
361 1846 549 1905 miserantem
576 1846 711 1905 fortunas
740 1867 808 1905 suas
834 1845 966 1916 accedit3
1002 1852 1103 1905 monet

151 1931 240 2002 atque
253 1924 419 1983 lacrumans
434 1927 602 1986 obtestatur
615 1933 650 1986 ut
664 1927 820 2005 aliquando
835 1926 890 1985 sibi
904 1925 1064 2004 liberisque
1072 1932 1102 1986 et

150 2005 235 2082 genti
259 2006 455 2064 Numidarum
481 2014 601 2086 optume
624 2008 750 2067 merenti
777 2007 944 2086 provideat3
965 2007 1103 2067 omnibus

150 2085 269 2164 proeliis
297 2105 361 2144 sese
388 2086 489 2159 victos,
517 2109 620 2166 agrum
647 2095 804 2160 vastatum,
832 2088 942 2147 multos
969 2088 1103 2148 mortalis

150 2172 262 2244 captos,
276 2167 396 2240 occisos,
409 2169 495 2246 regni
509 2189 579 2248 opes
600 2170 795 2228 comminutas
816 2189 898 2240 esse;
919 2168 992 2227 satis
1014 2189 1102 2248 saepe

147 2246 209 2324 jam
225 2253 255 2304 et
270 2247 410 2307 virtutem
424 2250 552 2308 militum
566 2256 597 2308 et
611 2250 759 2310 fortunam
779 2254 971 2328 temptatam3
1001 2255 1102 2309 caveat

149 2347 189 2386 ne
213 2327 263 2385 illo
287 2334 447 2389 cunctante
470 2331 618 2391 Numidae
641 2330 696 2390 sibi
720 2331 885 2390 consulant.
928 2329 988 2388 His
1010 2336 1101 2408 atque

149 2406 260 2466 talibus
275 2409 338 2467 aliis
352 2410 389 2468 ad
404 2411 582 2470 deditionem
603 2412 681 2490 regis
704 2411 833 2471 animum
849 2410 984 2490 impellit.
1027 2410 1100 2469 Mit-

148 2493 258 2547 tuntur
280 2489 318 2549 ad
344 2490 550 2569 imperatorem
570 2493 661 2571 legati
679 2492 729 2572 qui
751 2493 933 2571 Jugurtham
955 2491 1100 2570 imperata

177 2683 272 2729 incidiae
295 2683 353 2743 regi]
386 2683 496 2730 Metellus
519 2701 564 2731 was
579 2701 607 2731 an
637 2692 702 2733 stato.

148 2743 222 2788 active
245 2757 306 2788 man.
348 2743 440 2787 Instead
465 2744 491 2787 of
511 2744 609 2804 keeping
666 2746 705 2805 qui
720 2745 815 2798 Romae}
844 2744 888 2790 See
900 2760 920 2790 c.
937 2743 1012 2789 61.-ι
1020 2760 1099 2790 maxu-

148 2802 213 2859 quiet
222 2801 304 2860 during
314 2800 352 2846 the
362 2802 449 2855 winter,
465 2817 491 2846 or
505 2803 611 2862 enjoying
640 2819 700 2848 mam
711 2804 832 2848 amicitiam
840 2805 855 2847 :'
866 2802 912 2848 ‘his
922 2802 982 2847 close
990 2805 1099 2862 intimacy

149 2859 249 2914 himself,
269 2860 298 2905 he
318 2875 363 2905 was
382 2860 500 2918 employed
520 2863 544 2905 in
562 2877 610 2906 cor·
640 2862 694 2907 with
727 2863 759 2907 Ju
792 2861 963 2907 rtba.'-‘sue
995 2863 1097 2909 omnia?

148 2918 610 3024 qqlpqqngtqlqg'qqupa'svgrilqndqraplqlmiiqr
638 2919 1099 3038 bdbbdd'alNNediclbegoLleellldssctlllt

149 3035 210 3080 their
219 2993 290 3095 gking.
325 3038 347 3082 A
362 2993 460 3095 {leneml
471 3035 553 3081 should
570 3044 609 3081 not
639 3014 758 3096 “Legalus
831 2994 1002 3095 opulentavdluo
1018 3014 1098 3098 dppidd

149 3093 182 3138 let
198 3110 254 3140 even
272 3095 310 3140 the
328 3097 383 3141 dead
403 3111 481 3140 season
501 3110 550 3154 pass
567 3111 608 3139 un-
638 3096 660 3139 vi
671 3107 738 3154 atque
749 3096 900 3155 armiscoegit
914 3097 938 3140 in
950 3097 1097 3152 deditionem,

149 3153 274 3213 profitably.
298 3155 322 3198 lf
328 3155 404 3199 habas
413 3155 482 3200 failed
492 3156 515 3198 in
526 3153 608 3212 killing
638 3157 758 3212 omniaque
778 3156 805 3199 iis
830 3170 870 3199 suu
894 3157 1030 3210 concessus·
1053 3157 1098 3201 and

149 3212 189 3256 the
199 3214 299 3270 enemy's
308 3211 397 3270 general
408 3214 489 3271 during
499 3211 538 3256 the
548 3227 608 3256 cam·
637 3211 683 3256 also
695 3213 738 3257 Liv
763 3212 799 3264 29,
810 3228 833 3258 c..
841 3213 877 3269 30,
886 3215 932 3258 and
942 3215 978 3269 4⁵,
989 3230 1007 3259 c.
1020 3214 1040 3259 6.

149 3271 222 3327 paign‚
243 3273 271 3316 he
291 3285 343 3328 may
363 3278 400 3329 get
419 3271 467 3315 him
488 3271 557 3315 taken
578 3271 612 3314 off
667 3270 702 3316 62.
743 3272 849 3352 cquando)
875 3273 1097 3328 ‘Sometime‚’em·

149 3328 231 3386 during
241 3329 279 3373 the
289 3344 366 3373 season
382 3330 408 3373 of
421 3337 466 3374 rest
481 3329 510 3387 by
526 3329 565 3373 the
574 3343 609 3372 as·
637 3327 720 3387 phatir,
732 3330 781 3375 that
796 3331 822 3384 is,
853 3337 877 3375 at
886 3330 982 3375 last.'-‘
991 3332 1033 3376 sibi
1044 3347 1097 3376 con-

148 3387 244 3431 sistnnce
264 3388 290 3431 of
304 3387 368 3432 those
385 3388 461 3432 whom
477 3387 512 3431 bis
527 3402 608 3444 enemy
637 3387 737 3433 sulentz’
759 3388 826 3433 ‘look
843 3389 901 3433 aiter
918 3388 976 3432 their
992 3403 1043 3433 own
1063 3391 1097 3433 in-

149 3450 219 3488 trusis
230 3453 257 3488 m.
291 3445 347 3490 This
362 3461 406 3491 was
417 3454 457 3491 not
467 3445 506 3490 the
518 3446 606 3490 Roman
636 3446 731 3500 tereste:
750 3447 799 3492 that
818 3449 845 3500 is,
866 3447 932 3491 make
953 3453 1023 3492 terma
1040 3447 1097 3493 with

164 3504 243 3546 raeticc
254 3504 276 3547 in
288 3502 326 3547 the
336 3502 374 3548 old
390 3506 434 3548 and
449 3506 517 3549 ruder
527 3506 605 3558 timcs3
637 3504 754 3551 Metellus.

148 3516 190 3602 but
200 3559 336 3604 civilization
346 3576 391 3606 was
405 3578 457 3608 now
467 3563 607 3622 inabigher
664 3564 776 3621 imperata
789 3561 922 3623 sectarum]
962 3562 1006 3609 See
1022 3580 1041 3610 c.
1060 3565 1096 3610 46.
